2954 5020
302 347 364 396 120
442 289 445 294 ’
590 329 792 392 εααεειοα
812 325 1104 389 κοινοαοειιοι

298 493 416 569 Ταῦτα
442 495 548 568 δέ’
499 526 611 568 παντο
634 490 956 593 περιττοσυλλᾶβως
978 491 1027 564 δεῖ
1049 500 1166 563 κλῖναι·
1192 489 1342 588 εύρηπαι
1367 489 1402 562 δὲ
1466 539 1467 556 .

297 611 350 682 καί
376 609 609 700 ἰσοσολλεῖβως
631 611 814 694 κλινόμενα,
831 608 942 679 οῖον
926 639 945 678 ο
971 607 1124 699 Φλεγύας
1148 637 1211 677 του
1195 573 1467 699 Φλεγύαν,ή

298 728 351 798 καί
377 759 406 799 οι
402 729 580 820 Φλεγύαι
604 727 682 804 τοὺς
698 725 898 818 Φλεγύας,“
881 753 921 800 ως
945 720 1037 819 παρὰ
1059 728 1109 812 τῷ
1130 728 1264 814 ποιητῇ,
1288 721 1402 814 [11.ἰ.

299 845 390 936 ³⁰²]
462 941 490 1012 ιε
503 966 568 1013 μετα
556 938 899 1014 *mmmm
1412 971 1467 1030 s

207 1069 246 1133 81
263 1067 285 1132 b
302 1066 481 1138 Ταῦτα
442 1099 500 1152 μεν
521 1069 554 1137 ἐν
567 1068 708 1144 τούτοις.
760 1065 977 1162 Προστίθησι
1002 1062 1078 1136 δέ
1061 1095 1080 1135 α
1105 1062 1254 1162 τεχνικὸς
1279 1065 1405 1137 Θεοδό-

299 1211 383 1267 σιος,
400 1181 454 1254 ὅτι
480 1183 563 1254 ὅταν
579 1183 769 1276 γένηται
740 1211 783 1258 εις
808 1210 829 1251 κ
853 1185 872 1262 ή
896 1180 1015 1273 γενική,
1036 1179 1105 1250 οῖον
1121 1211 1181 1252 του
1167 1179 1324 1252 Πατία
1349 1183 1403 1251 καῖ
1466 1189 1467 1196 ’

256 1388 260 1397 Ι
300 1303 363 1369 τοῦ
378 1296 504 1380 Αἰνεία,
522 1299 651 1395 Δωρική
674 1298 781 1374 κλίσις
806 1295 937 1388 ἐγένετο
962 1297 1215 1393 ε’πικρατήσασα
1236 1295 1326 1368 κατὰ
1343 1298 1404 1379 τήν

301 1414 407 1497 καινήν
423 1411 605 1484 διάλεκτον.
649 1411 761 1484 Ἐστι
787 1409 821 1482 δὲ
843 1413 953 1494 εἰπεῖν,
972 1411 1026 1482 ὅτι
1052 1412 1106 1482 ε’πῖ
1130 1411 1189 1496 μέν
1209 1417 1276 1483 τῖον
1292 1415 1338 1490 εἰς
1361 1441 1404 1483 ευ

301 1527 493 1623 βαρυτόνων
509 1524 563 1596 ε’ίιν
579 1525 716 1621 εύρωμεν
733 1528 775 1603 εἰς
788 1555 807 1596 Α
821 1526 882 1608 τήν
899 1525 1033 1618 γενικήν,
1047 1523 1117 1597 οῖον
1133 1533 1196 1598 τοῦ
1213 1527 1336 1598 Παπία
1348 1527 1402 1598 καί
1415 1557 1448 1598 ιο
1466 1543 1467 1620 }

300 1649 363 1715 τοῦ
395 1643 529 1739 κοχλία,
556 1642 703 1739 Δωρικήν
736 1641 835 1723 αύτήν
863 1641 1016 1733 λέγομεν,
1041 1648 1084 1736 τῇ
1117 1647 1206 1736 κοινῇ
1241 1641 1404 1732 διαλέκτῳ

299 1758 421 1842 συνήθη
447 1759 629 1851 γενομένην·
658 1757 713 1828 ε’πῖ
735 1756 770 1828 δέ
790 1761 856 1828 τῶν
881 1759 923 1834 εἰς
947 1787 986 1828 ευ
1011 1759 1262 1854 περισπωμένων
1287 1755 1344 1828 έᾶν
1361 1763 1404 1834 εἰς
1466 1777 1467 1796 ³

297 1905 325 1946 ¹A
351 1874 487 1972 εύρωμεν
502 1875 562 1956 τήν
579 1872 715 1966 γενικήν,
732 1873 842 1944 οὐκέτι
858 1873 1006 1970 Δωρικήν
1022 1873 1121 1956 αύτήν
1135 1873 1292 1964 λέγομεν,
1309 1871 1402 1943 ἆλλίι

303 1990 418 2071 κοινήν,
435 1985 505 2059 οῖον
521 1991 540 2060 ὁ
558 1989 674 2072 Μηνᾶς
690 1994 754 2061 τοῦ
770 1988 880 2071 Μηνᾶ,
898 1991 917 2058 ὁ
934 1983 1037 2072 Ζηνᾶς
1048 1995 1111 2060 τοῦ
1127 1988 1257 2073 Ζηνᾶμῖ
1274 1993 1404 2087 μητρᾶς

302 2109 366 2174 τοῦ
377 2106 512 2202 μητρᾶ·
544 2109 652 2176 ταῦτα
678 2100 747 2201 γὰρ
768 2103 806 2174 ού
822 2100 978 2200 Δωρίδος,
996 2101 1087 2174 ἆλλίι
1109 2111 1213 2187 κοινῆς
1235 2105 1310 2178 ε’στί
1333 2103 1446 2194 δια-ις

301 2222 431 2294 λέκτου.
484 2219 601 2292 Ταῦτα
617 2219 676 2305 μὲν
696 2222 728 2290 ἐν
743 2219 886 2297 τούτοις.

209 2335 252 2401 82
267 2359 287 2400 a
354 2335 490 2409 Τούτων
517 2335 551 2408 δὲ
572 2337 671 2414 οὕτως
693 2336 847 2433 ε’χόντων,
870 2336 1033 2433 ἀποροῦσι
1053 2327 1138 2414 τινές
1160 2335 1331 2429 λέγοντες,
1351 2333 1404 2406 διὰ

61 2459 91 2488 '”
302 2453 401 2522 ποίαν
417 2451 525 2522 αἰτίαν
541 2458 599 2532 τῆς
616 2452 762 2548 Δωρίδος
786 2451 957 2524 διαλέκτου
982 2452 1208 2535 ἐμνημόνευσεν
1223 2451 1366 2523 ἐνταῦθα
1383 2453 1402 2522 ὃ

299 2563 450 2660 τεχνικὸς
465 2566 518 2635 καῖ
534 2567 579 2648 μή
596 2563 701 2649 ἄλλης
718 2566 906 2652 διαλέκτου;
925 2567 994 2638 Καὶ
1011 2568 1104 2638 ἔστιν
1121 2569 1232 2652 εἰπεῖν,
1245 2566 1301 2638 ὅτι
1319 2567 1403 2649 αύτή

300 2682 321 2762 ἦ
339 2679 467 2775 Δωρική
484 2675 655 2758 διάλεκτος
678 2686 723 2775 τῇ
746 2688 834 2776 κοινή
853 2681 1011 2772 διαλέκτῳ
1028 2684 1161 2762 συνήθης
1179 2681 1272 2750 ἐστιν
1288 2683 1332 2757 εἰς
1357 2679 1402 2752 τὰ
1414 2717 1449 2756 ιο

299 2797 495 2894 προκείμενα
524 2797 684 2882 ὀνόματα·
709 2805 772 2869 τοῦ
799 2797 920 2869 Πατία
951 2797 1019 2894 γὰρ
1044 2796 1097 2867 καῖ
1121 2801 1183 2867 τοῦ
1207 2795 1322 2867 Αἰνεία
1347 2799 1405 2866 λέ
1466 2833 1467 2878 ,

301 2940 420 3003 γουσιν
437 2913 470 2982 οἰ
487 2913 621 3009 Δωριεῖς
642 2914 760 2996 ὁμοίως
782 2919 825 3009 τῇ
845 2919 933 3008 καινή
961 2912 1130 3002 διαλέκτῳ·
1156 2911 1279 2982 τούτου
1302 2909 1405 3010 χᾶριν

299 3027 399 3107 αύτῆς
423 3025 644 3108 ἐμνημόνευσε.
697 3031 759 3099 Δεῖ
782 3031 950 3121 γινώσκειν
969 3027 1024 3098 ὅτι
1049 3025 1092 3097 τδ
1114 3023 1246 3102 Αἰνείας
1270 3026 1406 3099 Αἰνείου

302 3138 418 3210 Αἰνεία
434 3139 592 3233 λέγουσιν
608 3144 641 3211 οῖ
657 3143 791 3238 Δωριεῖς
809 3141 860 3213 διὰ
881 3148 1008 3239 μακροῦ
1027 3148 1090 3213 τοῦ
1108 3171 1137 3224 ι,
1155 3144 1189 3212 οῖ
1204 3139 1239 3212 δὲ
1255 3141 1404 3214 Βοιωτοί

300 3253 437 3326 Αἰνείαο
455 3255 692 3353 προστιθέντες
709 3254 753 3329 τὸ
771 3287 804 3340 ο,
820 3260 853 3328 οἰ
875 3256 909 3328 δέ
923 3256 1033 3334 Ἴωνες
1053 3255 1199 3342 Αἰνείεω,
1215 3255 1259 3328 τδ
1276 3287 1297 3328 ε
1315 3261 1361 3335 εἰς
1384 3289 1404 3330 ιι
1415 3289 1448 3346 ις

299 3370 481 3469 τρέποντες
512 3372 566 3442 καί
599 3371 642 3443 τδ
673 3403 692 3443 ο
720 3375 763 3448 εἰς
793 3403 825 3443 α.
874 3371 1006 3444 Ἰστέον
1038 3370 1074 3442 δὲ
1106 3371 1160 3442 ὅτι
1194 3370 1237 3444 τὸ
1266 3372 1405 3444 Αἰνείαο

300 3487 476 3559 ἐκτείνεται
493 3485 578 3558 κατὰ
601 3487 661 3570 τήν
677 3491 951 3584 παραλήγουσαν,
968 3491 1067 3580 ήγουν
1083 3483 1208 3585 μακρὸν
1223 3489 1292 3584 ἔχει
1309 3487 1354 3560 τδ
1373 3519 1405 3561 ιι.

304 3601 410 3674 Πᾶσα
428 3600 496 3697 γὰρ
519 3604 626 3695 γενική
646 3603 808 3686 ὀνόματος
828 3605 871 3678 εἰς
897 3606 1021 3699 φωνῆεν
1037 3604 1191 3694 λήγουσα
1215 3599 1267 3671 καῖ
1287 3631 1406 3700 περιτ-

301 3717 566 3802 τοσυλλαβοῦσα
591 3725 649 3798 τῆς
674 3716 754 3793 ἰδίας
779 3717 909 3799 εύθείας,
926 3717 1055 3789 ἐκτείνει
1078 3717 1139 3799 τήν
1162 3721 1333 3810 λήγουσαν
1351 3719 1404 3788 καί

301 3827 479 3898 συστέλλει
496 3827 557 3910 τήν
573 3835 846 3924 παραλήγουσαν,
864 3831 933 3902 οἷον
949 3829 1139 3928 Ἀτρεῖδεω,
1158 3831 1360 3930 Πριαμίδεω·
1385 3833 1449 3916 ή30

301 3941 480 4013 συστέλλει
507 3941 567 4024 τήν
596 3947 766 4035 λήγουσαν
793 3946 846 4016 καί
880 3947 1008 4017 ἐκτείνει
1038 3947 1099 4030 τήν
1128 3953 1404 4046 παραλήγουσαν,

301 4055 372 4128 οῖον
405 4064 533 4140 καλοῖο,
559 4064 699 4157 σοφοῖο,
726 4058 909 4158 Πριάμοιο,
934 4073 1114 4145 ποταμοῖο,
1142 4064 1304 4136 ὠκεανοῖο.
1357 4065 1407 4134 Εἰ

301 4169 355 4242 ούν
372 4167 415 4242 τίι
437 4169 573 4243 Αἰνείαο
599 4175 654 4244 ούκ
673 4173 809 4268 ἐξέτεινε
827 4177 887 4259 τήν
909 4177 1101 4248 τελευταίαν
1124 4180 1310 4264 συλλαβήν,
1327 4177 1405 4252 ἆνιί·

300 4315 382 4377 γκην
398 4287 466 4382 ἔχει
491 4286 551 4368 τήν
568 4293 830 4385 παραλήγουσαν
846 4292 993 4374 ἐκτεῖναι,
1016 4289 1082 4390 ἄρα
1107 4289 1161 4364 οὖν
1185 4291 1311 4390 μακρὸν
1334 4295 1404 4390 ἔχει

298 4397 342 4472 τδ
371 4429 402 4470 κ.
455 4398 662 4496 Πρόσκειται
691 4409 712 4444 “
726 4405 769 4479 εἰς
803 4409 927 4499 φωνῆεν
955 4409 1146 4500 λήψεις-ηδ’
1171 4405 1223 4478 διὰ
1257 4406 1302 4480 τὸ
1336 4411 1444 4495 Am
