2982 5022
424 327 494 387 ΕΙΣ
516 327 572 388 ΤΟ
594 327 886 390 ONOMATIKON.
1161 345 1203 411 39
1279 359 1290 380 ·

153 491 213 564 Τᾶ
231 495 275 572 εἷς
299 522 359 565 m
381 497 532 588 λήγοντα
556 494 757 586 δισυλλαβα,
774 497 897 594 ἔχοντα
918 497 978 580 τήν
1000 495 1068 595 πρὸ
1090 497 1206 576 τελους

102 611 145 685 είς
180 639 201 680 ο
235 614 500 702 καταλήγουσαν,
527 610 644 693 ὁμοίως
677 610 997 709 τεριττοσνλλείβιος
1028 611 1204 696 κλίνονται,

101 721 182 807 οἷον,
199 722 317 820 Τάρας
334 721 518 820 Τάραντος,
537 721 654 823 Κιίρος
672 727 859 824 Κιίραντος,
877 725 996 825 Λιίρας
1014 724 1204 824 Λιίραντος,

99 871 153 910 και
169 869 220 910 τα
239 869 348 923 ομοια.

151 953 213 1024 Τὰ
242 957 285 1030 είς
312 983 373 1024 m
390 958 551 1046 λήγοντα,
568 955 665 1040 μηδὲν
689 958 723 1026 ἔκ
738 958 866 1030 τοιίτιον
886 962 952 1028 τῶν
968 956 1229 1055 τροιιρημίνων5

99 1073 240 1168 ἔχοντα,
257 1071 492 1159 ι’σοσυλλιίβως
507 1073 685 1159 κλίνονται,
697 1070 776 1155 οίον,
792 1071 931 1170 Κάρρας
949 1073 1081 1170 Κίρρα,
1097 1072 1205 1171 Καίρ-

100 1218 160 1283 ρας
179 1187 329 1286 Καίρρα,
347 1189 461 1265 Σίννας
479 1188 590 1274 Σίννα,
607 1188 780 1285 Σιμμόρας
794 1187 961 1286 Σιμμόρα,
980 1187 1111 1286 Κόδρος
1135 1189 1204 1258 Kb-

102 1304 174 1402 δρα,
193 1303 332 1401 Κόδρος
357 1304 486 1402 Κόδρα,
500 1300 695 1400 Κοψίφρας
708 1299 898 1403 Κοψίφρα,
916 1302 1086 1402 Λάμπρας
1104 1302 1205 1388 Λάμ-

100 1452 181 1518 τρα,
199 1419 351 1518 Ἡρόδας
364 1419 509 1518 Ἠρόδα

150 1536 210 1608 Τὰ
229 1539 272 1614 εἷς
291 1565 351 1608 m
367 1540 519 1630 λήγοντα
537 1534 770 1623 ι’σοσολλιίβιος
786 1537 962 1620 κλίνονται,
980 1534 1049 1608 οίον
1065 1533 1203 1636 Χριίσας
1215 1561 1252 1602 10

99 1651 238 1750 Χρόσα,
255 1653 428 1750 Βαριίνσας
444 1652 612 1750 Βαριίνσα,
629 1651 765 1748 Κὲρσας
782 1651 912 1749 Κίρσα,
929 1653 1060 1730 Κιλιίας
1077 1653 1204 1739 Κιλόα,

101 1767 258 1845 Πετίσας
283 1765 429 1839 Πετίσα·
454 1768 553 1865 χωρίς
580 1768 609 1836 εί
628 1766 673 1850 μή
698 1768 867 1862 εὑρεθῶσιν
891 1766 973 1865 ὑπὲρ
998 1765 1054 1838 δύο
1079 1776 1205 1838 σνλλα-

102 1883 167 1971 βᾶς·
197 1884 460 1981 παραληγόμενα
485 1888 534 1974 τῷ
561 1905 592 1954 ιι·
619 1887 723 1952 τοῦτο
749 1879 783 1952 δὲ
808 1881 932 1978 ε’ίριςται
954 1879 1005 1952 διὰ
1031 1878 1074 1952 τὸ
1101 1880 1205 1954 Ἀτί-

100 2031 163 2077 σας
180 1999 404 2081 Ἀπέσαντος,
421 2004 524 2070 τοῦτο
541 1995 609 2094 γὰρ
634 1995 685 2067 διὰ
710 2003 772 2068 τοῦ
797 2027 838 2068 ατ
863 1997 1019 2082 κλίνεται,
1036 1996 1204 2070 Ἀπεσιίν·

102 2147 190 2192 τειος
206 2115 345 2198 ἔμελλεν
362 2112 452 2200 εἶναι,
469 2111 581 2210 ὥσπερ
598 2110 684 2190 Αίας
701 2111 847 2188 Α’ίαντος
863 2111 1048 2188 Αίιίντειος.
1216 2143 1225 2182 ι
1234 2143 1251 2202 5

154 2229 213 2302 Τὰ
231 2233 276 2307 εἰς
291 2259 352 2301 m
368 2234 519 2322 λήγοντα
532 2225 664 2299 ἅπαντα
683 2227 917 2314 ι’σοσυλλιίβιος
942 2228 1117 2310 κλίνονται,
1135 2225 1204 2300 οίον

101 2345 279 2443 Ἀρχύτας
301 2343 467 2441 Ἀρχύτα,
483 2341 642 2438 Εὐρώτας
667 2340 822 2438 Εὐρώτα,
839 2342 1017 2439 Ὀφέλτας
1032 2342 1203 2440 Ὀφέλτα,

105 2459 274 2536 Ἀκελτας
303 2457 465 2541 Ἀκὲλτα,
500 2457 628 2534 Τιίντας
657 2457 780 2530 Τιίντο·
820 2458 919 2556 χωρίς
951 2465 1012 2530 τοῦ
1039 2459 1205 2537 Τελείτας

106 2573 347 2659 Τελειίταντοκ,
363 2575 437 2646 ἔστι
454 2571 489 2646 δὲ
506 2574 608 2658 ὄνομα
624 2573 742 2669 κιίριον.

154 2687 213 2760 Τὰ
237 2692 280 2766 εἰς
300 2717 362 2759 σιτ
381 2693 531 2782 λήγοντα
554 2687 743 2776 δισύλλαβα
771 2686 1003 2777 ίσοσολλάβος
1027 2692 1203 2776 κλίνονται,
1215 2721 1252 2762 20

105 2807 156 2876 καί
182 2808 419 2902 παραλήγεται
444 2802 488 2876 τὸ
510 2834 531 2875 Δ
554 2804 573 2887 ή
598 2802 641 2876 τδ
664 2833 696 2890 κ,
713 2801 782 2876 οίον
799 2805 940 2902 Δελφας
957 2805 1093 2902 Δελφα,
1111 2807 1205 2878 ’Άλ-

106 2930 174 3018 φας
190 2919 466 3016 Ἀλφα,Ἀφας
484 2917 588 3017 Ἀφα
608 2917 651 2990 τδ
667 2920 784 3016 κύριον·
810 2917 852 2991 τὸ
870 2919 992 3017 Κιίφας
1010 2920 1202 3017 Κύφαντος,

105 3037 193 3124 (ἔστι
221 3035 256 3106 δὲ
276 3036 398 3132 χωρίον
420 3043 478 3117 τῆς
504 3032 715 3128 Λακωνικῆς)
740 3032 1061 3130 τεριττοσυλλιίβιος
1083 3037 1203 3120 κλιθὲν,

103 3157 203 3243 ήγονν
221 3147 274 3222 διὰ
290 3156 352 3221 τοῦ
369 3179 421 3231 m,
440 3151 495 3220 οὐκ
512 3149 688 3221 ἀντίκειται
706 3153 789 3232 ήμῑν,
804 3147 912 3232 ἐπειδή
925 3151 1001 3222 οὔτε
1017 3149 1060 3223 τὸ
1078 3182 1109 3234 κ,
1129 3156 1204 3226 οὔτε

103 3265 144 3338 τὸ
162 3296 182 3337 ιι
202 3267 448 3361 ταραλήγεται,
465 3261 555 3334 ἀλλὰ
571 3261 615 3335 τὸ
632 3294 660 3336 τ.
1215 3287 1250 3348 25

153 3380 211 3452 Τὰ
235 3383 279 3456 είς
303 3408 364 3450 m
381 3383 532 3470 λήγοντα
557 3378 638 3476 ὑπὲρ
663 3378 717 3450 δίο
735 3377 909 3468 συλλαβὰς
932 3381 1202 3478 τεριττοσυλλιί-

106 3497 171 3580 βας
186 3495 366 3575 κλίνονται,
383 3497 413 3564 σι’
426 3495 470 3578 μή
488 3499 725 3591 παραλήγοιτο
741 3493 784 3567 τὸ
803 3526 832 3576 ο,
851 3492 931 3579 οίον,
950 3497 1114 3593 Κορίφας
1131 3497 1203 3568 Κο·

33 3639 92 3702 472
104 3612 283 3708 ριίφαντος,
306 3609 483 3706 ’Υτέρφας
510 3609 755 3706 Ὑπέρφαντος,
785 3608 940 3707 Περίφας
975 3610 1201 3708 Περίφαντος,

105 3728 229 3824 ιλίφας
241 3725 434 3822 ἐλέφαντος·
450 3722 493 3794 τὸ
508 3724 670 3822 Ἀκιίφας,
689 3727 777 3812 (ἔστι
797 3723 830 3795 δὲ
847 3725 950 3808 ὄνομα
963 3726 1116 3818 τόλειος,)
1129 3729 1203 3798 Διο-

104 3849 195 3938 ρικῶς
212 3837 281 3912 ἆτδ
299 3840 470 3935 ἆρσενικῶν
485 3841 633 3933 λέγεται,
649 3841 718 3912 οἷον
735 3842 753 3910 ὁ
772 3838 922 3937 Ἀκιίφας
936 3841 1168 3930 ι’σοσνλλιίβιος
1182 3845 1248 3927 ὁςο

106 3960 322 4031 θεόπνευστος
347 3955 365 4024 ὁ
390 3952 512 4050 ιάτρός,
529 3953 589 4026 τὸν
603 3953 757 4052 Ἀκιίφαν
775 3953 843 4052 γὰρ
866 3955 968 4053 είρηκε
983 3958 1043 4040 τήν
1060 3961 1202 4030 αἰτιατι-

107 4078 168 4155 κήν.
214 4070 423 4168 Πρόσκειται
444 4075 493 4160 τῷ
509 4069 615 4140 κανόνι
634 4083 654 4112 “
667 4072 696 4140 αι’
710 4070 754 4153 μή
771 4077 1008 4168 παραλήγοιτο
1031 4072 1074 4144 τὸ
1093 4075 1132 4144 ο”
1149 4070 1200 4143 διὰ

108 4186 146 4258 τὸ
163 4185 299 4283 ὀνιίφας,
327 4190 430 4256 τοῦτο
448 4181 516 4282 γὰρ
533 4191 581 4274 τῷ
606 4216 623 4255 ο
642 4189 876 4282 ταραλήγεται
898 4189 951 4258 καί
969 4186 1201 4275 ι’σοσολλιίβως

108 4301 259 4372 κλίνεται,

156 4415 211 4486 Τὰ
229 4416 272 4490 είς
298 4443 361 4484 m
378 4417 528 4506 λήγοντα
552 4411 662 4486 τιίντα
684 4415 916 4506 ι’σοσολλιίβως
940 4420 1117 4502 κλίνονται,
1134 4415 1202 4488 οίον
1212 4445 1248 4502 35
