2972 5014
405 317 472 376 αα
494 315 550 376 το
573 315 866 376 ουοωιυικοιι.
1121 312 1182 396 361

64 475 242 577 τρόπους,
263 483 348 558 κατὰ
373 481 481 569 τόνου,
506 483 592 557 κατὰ
617 483 748 582 χρόνον,
773 483 859 556 κατὰ
885 487 1004 570 κλίσιν,
1022 486 1073 556 καί
1097 483 1184 555 κατὰ

67 604 222 682 πνεῦμα·
247 601 332 674 κατὰ
362 603 459 674 τόνον
484 601 554 686 μὲν,
584 603 638 674 ὅτι
665 601 708 674 τὸ
736 602 794 694 ἤῶς
824 599 969 696 ὀξύνεται
999 600 1042 673 τὸ
1089 600 1104 670 ὲ
1129 603 1185 679 ἕως

69 715 276 810 βαρύνεται·
300 717 385 790 κατδι
404 719 535 816 χρόνον,
549 719 603 790 ὅτι
620 718 664 792 τό
680 718 738 803 μὲν
751 717 810 801 ἦῶς
826 724 936 814 μακρᾷ
951 722 1185 814 παραλῆγεπαι

68 829 124 902 τὸ
154 831 192 902 δὲ
216 835 272 911 ἕως
296 837 440 932 βραχείᾳ
467 841 711 934 παραλῆγεπαι·
737 834 822 907 κατὰ
847 837 966 922 κλίσιν,
985 836 1038 908 ὅτι
1062 834 1104 907 τό
1127 833 1186 918 μὲν

71 948 144 1032 ἦῶς
163 951 207 1026 είς
225 979 282 1021 ατε
299 953 366 1048 ἔχει
390 954 451 1036 τὴν
473 953 608 1046 γενικὴν,
626 951 668 1023 τὸ
687 951 721 1024 δὲ
737 953 793 1029 ἕως
810 953 968 1046 ἀποβολῇ
984 959 1045 1024 τού
1063 981 1080 1023 2
1098 961 1187 1024 ποιεί
1194 967 1210 1029 5

71 1068 144 1150 τὴν
163 1071 301 1160 γενικήν·
325 1063 410 1138 κατὰ
433 1075 556 1152 πνεῦμα
581 1068 625 1155 δὲ,
643 1069 696 1140 ὅτι
719 1067 762 1141 πδ
784 1068 843 1152 μὲν
868 1068 927 1151 ἤῶς
945 1066 1124 1162 ψιλούται,
1141 1065 1184 1140 τό

72 1183 114 1254 δὲ
134 1185 194 1260 ἕως
211 1183 390 1256 δασύνεται.
443 1185 561 1257 Ταῦτα
577 1184 635 1269 μὲν
652 1185 684 1256 ἐν
700 1186 842 1262 τούτοις.

131 1299 266 1370 Ἰστέον
292 1298 326 1370 δὲ
350 1297 404 1371 ὅτι
430 1299 473 1372 τό
499 1299 559 1378 δῶς
581 1301 673 1373 ἔστιν
697 1302 799 1384 ὄνομα
818 1297 954 1384 θηλυκόν
970 1299 1022 1369 καί
1039 1299 1185 1382 σημαίνει

73 1417 145 1498 τὴν
163 1413 265 1498 δόσιν,
284 1415 352 1488 οἷον

209 1543 261 1598 δὸς
274 1541 366 1614 ἀγαθὴ,
380 1541 467 1616 ἅρπαξ
480 1544 508 1599 δέ
522 1545 593 1614 xm),
608 1545 729 1601 θανάτοιο
743 1546 855 1618 δότειρα,
1108 1563 1114 1586 ⁸
1199 1555 1235 1596 10

76 1643 224 1718 όκλιτου
241 1648 325 1719 ἐστί·
351 1648 404 1718 καί
428 1645 520 1742 ἄξιον
542 1649 617 1720 ε’στί
638 1647 790 1748 ζητῆσαι,
827 1649 899 1720 ιατί
912 1646 956 1722 τό
973 1645 1032 1724 δῶς
1050 1645 1187 1718 ύκλιτόν

77 1762 173 1832 ἐστι·
198 1763 250 1833 καί
281 1763 373 1834 ἔστιν
402 1765 502 1834 εἰπεῖν
531 1765 652 1848 ταύτην
681 1766 740 1848 τὴν
771 1765 971 1856 ἀπολογίαν·
998 1761 1042 1834 τὰ
1073 1765 1115 1838 είς
1144 1792 1186 1834 αα

79 1877 328 1966 μονοσύλλαβα
347 1876 468 1980 θηλυκὰ
485 1877 536 1950 καί
554 1885 779 1977 περισπῶνται
797 1878 849 1950 καί
866 1880 956 1976 κύρια
974 1878 1064 1961 εἰσίν,
1082 1873 1186 1959 οἷονῆ

81 1993 164 2070 Κῶς
190 1997 208 2076 ἧ
236 1993 333 2072 Τλῶς
367 1999 384 2077 ἦ
412 1995 520 2093 Κρῶς·
559 1996 636 2090 (εἶσί
664 1995 698 2068 δὲ
722 2003 829 2068 ταῦτα
855 1996 1002 2079 ὀνόματα
1028 1993 1183 2080 πόλεων.)

81 2109 224 2192 Ἐπειδὴ
246 2108 299 2180 οὖν
316 2109 359 2182 τὸ
386 2110 444 2189 δῶς
470 2109 606 2194 θηλυκόν
631 2113 683 2182 καί
703 2115 962 2200 μονοσύλλαβον
976 2109 1020 2183 Ιδν
1040 2113 1095 2182 ούκ
1111 2111 1184 2182 ἔστι
1199 2137 1232 2199 15

82 2227 204 2324 κύριον,
234 2228 312 2298 ἀλλ’
342 2229 421 2300 οὔτε
450 2227 484 2299 δὲ
517 2231 733 2327 περισπᾶται,
763 2229 885 2300 τούτου
917 2225 1016 2326 χάριν
1049 2225 1186 2298 ι’ίκλιτον

85 2345 191 2416 ἐστίν.

139 2471 160 2501 “
175 2461 227 2555 Τῇ
252 2460 348 2544 αἰδοῖ,
374 2469 417 2557 τῇ
442 2463 493 2544 ἕω,
518 2465 562 2555 τῇ
588 2461 659 2546 Κῶ,
676 2463 736 2544 τὴν
757 2459 845 2550 αἰδῶ,
863 2460 923 2542 τὴν
945 2459 996 2541 ἕω,
1013 2458 1073 2542 τὴν
1091 2457 1187 2528 Κῶυ”

86 2575 173 2648 κατὰ
199 2578 391 2671 ἀναλογίαν.
433 2577 509 2646 ΜΩ
534 2575 630 2660 αι’δοΐ,
656 2580 681 2646 ὦ
704 2579 771 2660 ἕως,
788 2575 815 2646 ῶ
830 2575 923 2652 Κῶς”
942 2577 1120 2672 ὁμοφώνως
1144 2580 1187 2668 τῇ

86 2695 200 2785 ⁶60qu,
217 2696 334 2778 ὁμοίως
350 2703 421 2771 τοῖς
437 2693 616 2771 Ἀττικοῖς·
642 2692 686 2765 τδ
709 2693 742 2764 δὲ
758 2696 783 2764 ιδ
799 2692 888 2764 αἰδοῖ
909 2693 1025 2776 ὁμοίως
1049 2701 1120 2768 τοῖς
1145 2693 1236 2764 είςαο

16 2809 109 2881 Sbn
135 2812 311 2892 θηλυκοῖς.”
347 2809 403 2880 Τὰ
429 2809 519 2894 αι’δῶ,
545 2807 589 2881 τὰ
615 2813 666 2892 ἕω,
691 2807 736 2882 τὰ
757 2809 828 2878 Κῶ.
864 2808 949 2878 Ταῑν
975 2806 1087 2892 αι’δοίν,
1112 2817 1187 2878 ταῖν

87 2929 156 3012 ἔων,
174 2934 248 2997 ταῖν
266 2926 353 3009 Κῶν,
371 2925 397 2998 (δ
413 2925 500 3008 οίδῶ,
518 2927 545 2997 ιδ
560 2928 610 3009 ἕω,
627 2927 655 2996 ιδ
673 2925 743 2997 Κῶ.
777 2927 811 2996 αι’
828 2927 862 2994 αί
881 2925 924 3007 οἳ,
942 2925 977 2994 αἱ
992 2926 1044 3007 ἕω,
1062 2926 1096 2992 αι’
1113 2923 1186 2996 Κιύ.

90 3043 165 3113 Τῶν
177 3041 282 3128 αίδῶν,
296 3048 361 3114 τῶν
374 3044 441 3125 ἔων,
454 3048 520 3113 τῶν
534 3043 622 3126 Κῶν,
633 3051 706 3119 ταῖς
721 3039 830 3122 αίδοῖς,
843 3050 917 3116 ταῖς
933 3041 999 3122 ἕως,
1013 3049 1085 3116 ταῖς
1100 3040 1187 3116 Κῶς.

90 3157 161 3234 Τὰς
177 3156 291 3239 αἰδούς,
308 3156 369 3235 τὰς
386 3160 451 3240 ἕως,
467 3156 528 3236 πῶς
546 3157 632 3236 Κός.
676 3157 724 3227 Ὦ
742 3156 837 3241 αι’δοί,
854 3158 879 3227 ῶ
897 3158 948 3236 ἕω,
966 3158 993 3226 ῶ
1009 3155 1100 3226 Κῶ.”

283 3274 392 3352 Τέλος
409 3274 466 3345 σίιν
484 3275 556 3366 Θεῷ
572 3280 637 3347 τῶν
655 3279 797 3358 θηλυκῶν
813 3271 993 3356 όνομύτων.
1198 3313 1213 3351 2
1217 3309 1232 3368 5

562 3427 712 3450 ...-

91 3503 201 3578 Ἀνκεί
221 3504 279 3578 οδω
302 3514 380 3580 οκιῖι
399 3514 463 3579 τόκ
487 3505 677 3579 οτάατιίυανι
704 3505 895 3579 οὐουίταυ.
949 3505 1077 3578 Κκυδυ
1100 3507 1128 3578 κ’
1146 3504 1186 3578 τό

447 3631 549 3708 afim,
567 3631 628 3694 τού
644 3623 811 3694 ιιιίιικποι.

547 3743 668 3818 Κκκδιι
688 3747 729 3818 κ’.

853 3871 1009 3898 ΗλΑ

143 3871 202 3944 Δεῖ
225 3871 391 3966 γινώσκειν
414 3869 466 3942 ὅτι
492 3871 547 3940 ούκ
570 3871 662 3940 ἔστιν
686 3868 816 3942 ἄτοπον
833 3905 859 3942 ει
878 3905 946 3942 απο
967 3902 1025 3956 της
1044 3905 1083 3945 οτ
1101 3875 1186 3946 εἰπο-

96 3987 220 4086 φύσεως
247 3986 387 4085 ἄρχεται
418 3987 460 4059 τὸ
489 3988 591 4069 ὄνομα
617 3993 732 4069 τοῦτο,
760 3989 845 4084 φημί
877 3988 913 4072 δὴ
938 3989 981 4061 τὸ
1008 3989 1235 4088 ούδόκερον.3ο

521 4105 530 4130 ἱ
572 4105 581 4128 9
621 4101 629 4126 λ
695 4112 710 4128 Α

98 4105 143 4176 Εί
168 4103 236 4202 γὰρ
264 4105 449 4202 εὑρίσκομεν
478 4136 530 4174 και
565 4135 634 4175 απο
668 4135 726 4186 της
756 4133 776 4174 Α
806 4110 990 4202 στερήσεως
1019 4107 1187 4204 ἀρχόμενα

99 4222 249 4302 ὀνόματα,
267 4223 307 4297 ῶς
323 4218 366 4292 τό
383 4218 509 4318 όφιλος
525 4220 663 4304 ἄσεμνος
683 4219 831 4316 ἄτεχνος,
849 4223 887 4291 τί
902 4221 1032 4292 ότοπον
1048 4223 1099 4292 καί
1119 4223 1186 4294 ἆπδ

100 4345 151 4419 τῆς
175 4367 213 4407 ατ
238 4333 440 4434 ἀποφάσεως
465 4335 629 4435 ἄρχεσθαι
654 4343 769 4407 τοῦτο·
797 4335 869 4406 οὐδὲ
886 4335 954 4433 γὰρ
977 4336 1187 4435 διαφέρουσιν

102 4455 245 4536 ιἰλλύλων
266 4453 324 4537 ἥτε
347 4449 521 4550 ἀπόφασις
543 4453 594 4524 καί
613 4456 631 4534 ἡ
648 4453 814 4550 στέρησις,
832 4453 913 4523 ὅσον
935 4452 1020 4525 κατὰ
1044 4453 1086 4525 τδ
1110 4453 1186 4528 εἶναι

608 4585 668 4651 3A
