2966 5014
420 328 487 390 νιν
508 329 565 390 το
586 327 878 391 ονονκπκον.
1135 326 1193 408 167

89 497 254 595 άνινπέρα,
271 497 326 570 ὅτι
352 498 440 580 ήνέκα
463 499 574 596 εύριθή
598 501 616 580 ή
642 499 749 591 γενική
774 503 840 570 τῶν
864 500 1088 582 πληθυντικῶν
1109 525 1195 596 προ·

88 611 346 708 παροξυνομένη,
369 610 499 691 πάντως
522 617 540 696 ή
566 614 674 706 γενική
701 611 752 684 διά
778 619 840 684 τοῦ
867 643 886 684 ι
911 613 964 684 καὶ
990 643 1012 684 α
1039 613 1114 686 ἐστὶ
1139 613 1192 685 καὶ

88 727 390 826 προπαροξύνεται,
407 727 490 826 ὅπερ
506 729 561 799 ἐπὶ
578 729 703 800 τούτων
722 730 777 799 ούκ
793 730 897 800 ἔστιν.

141 844 311 916 Ἐνταῦθα
326 847 387 928 τήν
404 844 534 926 δοτικήν
550 849 615 916 τῶν
632 848 854 928 πληθυντικῶν
870 842 1037 945 κανονέζει.
1081 845 1194 918 Κανο-

90 957 216 1058 νίζεται
234 960 269 1032 δὲ
288 961 359 1033 άπὸ
379 969 437 1044 τῆς
460 959 587 1043 δοτικής
611 966 677 1032 τῶν
699 961 804 1032 ἑνικῶν
824 967 945 1034 τοῦτον
969 960 1030 1034 τῶν
1050 962 1219 1060 τράπον5

90 1090 111 1120 “
124 1076 233 1148 Πᾶσα
259 1075 371 1158 δοτική
386 1078 492 1147 ἑνικῶν
507 1078 550 1154 εἷς
574 1106 586 1147 1
609 1076 848 1174 έκφωνούμςνον
864 1081 1030 1171 λήγουσα,
1046 1075 1115 1174 πρὸ
1131 1083 1194 1150 τοῦ

91 1223 102 1264 ι
126 1190 350 1281 λαμβάνουσα
375 1190 419 1264 τὸ
438 1222 465 1274 2,
483 1191 536 1263 καὶ
553 1189 803 1280 άπαβάλλονσα
828 1189 873 1265 τά
895 1194 940 1278 μή
963 1191 1118 1278 δυνάμενα
1134 1193 1194 1266 σύν

89 1309 181 1400 αύτῷ
214 1309 409 1390 ἀκουσθῆναι
437 1315 604 1404 στοιχεῖα,
632 1307 693 1390 τήν
719 1305 848 1392 δοτικήν
876 1313 942 1380 τῶν
970 1313 1194 1393 πληθυντικῶν

88 1434 189 1507 ποιεῖ,
220 1419 289 1494 οἷον
318 1423 398 1520 ὄφει·
429 1421 541 1520 ὄφεσι,
573 1423 681 1506 Πηλέϊ
712 1421 875 1511 Πηλεῦσι,
908 1425 1011 1522 ταχέῖ
1039 1425 1192 1523 ταχέσιν,

81 1539 231 1637 Ἕκτορι
257 1537 439 1636 Ἕκτορσι,
475 1535 599 1636 Πάριδι
631 1536 771 1637 Πάριοι,
803 1538 964 1612 Πλάτωνι
995 1535 1192 1626 Πλάτωσιν,
1206 1571 1242 1612 ιο

89 1653 191 1732 νῶι-ας
217 1652 270 1726 ούν
285 1654 338 1725 καὶ
356 1654 563 1738 Δημοσθένεῖ
577 1656 835 1739 Δημοσθένεσι.”
879 1655 1031 1750 Λέγουσι
1056 1655 1091 1728 δέ
1109 1687 1193 1735 τινες

89 1770 144 1844 ύκι
163 1769 214 1842 δεῖ
229 1774 422 1867 προσθεῖναι
440 1770 472 1841 έν
488 1777 537 1862 τῷ
554 1770 659 1842 κανόνι
679 1783 700 1815 “
713 1771 813 1870 χωρὶς
829 1777 895 1843 τῶν
911 1775 954 1850 εἰς
971 1773 1063 1843 τπδ’
1104 1770 1193 1843 Ἰδού

90 1884 159 1983 γάρ
177 1887 253 1958 ἐστι
271 1884 401 1969 Πηλεύς
425 1883 537 1970 Πηλέϊ
556 1891 575 1970 ή
596 1885 707 1970 δοτική
724 1893 791 1959 τῶν
807 1890 924 1974 ἑνικῶν,
939 1886 992 1958 καὶ
1009 1887 1048 1958 ού
1063 1885 1191 1982 γίνεται

89 2006 107 2084 ή
133 2001 248 2085 δοτική
272 2006 337 2073 τῶν
362 2005 585 2085 πληθυντικῶν
609 2013 680 2080 τοῖς
707 2001 839 2086 Πηλέσι
866 2001 1048 2101 προσθέσει
1074 2009 1144 2075 τού
1162 2034 1191 2089 ν,

89 2115 183 2188 ἆλλά
201 2117 379 2201 Πηλεῦσιν.
407 2116 501 2215 Πρδς
518 2117 571 2196 οθς
584 2121 676 2190 ἔστιν
693 2120 802 2200 εἰπεῖν,
815 2117 870 2189 ὅτι
887 2117 971 2190 τότε
983 2115 1192 2218 κανονῖζομεν
1205 2143 1239 2207 15

91 2234 151 2316 τήν
176 2231 306 2315 δοτικήν
327 2237 393 2304 τῶν
417 2237 639 2317 πληθυντικῶν
664 2230 733 2304 άπδ
755 2239 813 2316 τῆς
836 2231 964 2315 δοτικῆς
985 2238 1052 2305 πῶν
1076 2235 1191 2320 ἑνικῶν,

91 2357 180 2438 ήνέκα
197 2356 242 2439 μή
258 2354 389 2428 δύναται
406 2363 628 2440 κανανισθήναι
646 2361 665 2440 ή
682 2355 795 2440 δοτική
810 2361 876 2428 τῶν
888 2360 1111 2440 πληθυντικῶν
1122 2355 1192 2430 ἆπδ

90 2479 149 2554 τῆς
165 2471 286 2548 &Oetae
301 2475 366 2543 τῶν
383 2472 498 2544 ἑνικῶν.
531 2469 615 2544 Ἐπὶ
633 2471 687 2545 νῶν
703 2475 768 2545 τῶν
785 2475 828 2550 εἰς
845 2499 917 2557 νυν,
934 2471 1042 2557 ἐπειδή
1056 2473 1191 2548 δύναται

92 2589 315 2670 κανονισθήναι
332 2591 351 2669 ή
367 2587 480 2672 δοτική
496 2595 561 2661 τῶν
577 2593 800 2673 πληθυντικῶν
816 2586 886 2660 άπὸ
901 2595 960 2671 τῆς
984 2591 1105 2668 εύθείας
1125 2595 1193 2664 τῶν

93 2704 208 2788 ἑνικῶν,
225 2704 346 2774 τούτου
362 2701 461 2802 χάριν
478 2705 515 2776 ού
530 2701 731 2805 κανονίζεται
753 2707 787 2775 έκ
811 2711 871 2786 τῆς
893 2701 1022 2786 δοτικῆς
1045 2709 1110 2776 τῶν
1131 2706 1242 2784 ενι-ιο

93 2823 163 2892 κῶν.
208 2817 326 2892 Ταῦτα
343 2819 400 2903 μέν
417 2821 449 2891 έν
465 2821 610 2898 τούτοις.

142 2936 196 3006 Ού
215 2932 374 3018 δυνάμεθα
397 2933 432 3007 δέ
451 2939 643 3032 χρήσασθαι
665 2938 814 3018 ἐνταῦθα,
839 2934 927 3033 φημὶ
950 2932 994 3018 δή
1008 2935 1044 3006 έν
1064 2937 1108 3030 τῇ
1127 2935 1195 3020 Δη-

95 3051 269 3133 μοσθένεσι
288 3049 401 3144 δοτική
419 3055 484 3122 τῶν
507 3056 738 3136 πληθυντικῶν,
754 3058 803 3144 τῷ
821 3049 890 3123 άπέ
912 3057 971 3136 τῆς
995 3051 1114 3130 εύθεέας
1138 3081 1195 3122 κα-

96 3167 171 3250 νύνι,
197 3171 248 3258 τῷ
270 3165 408 3259 λέγοντι
430 3169 558 3238 “erdod
583 3168 686 3241 εύθεῖα
703 3169 809 3239 ἑνικῶν
830 3168 873 3245 εἷς
897 3197 914 3239 ι
936 3171 1092 3260 λήγουσα
1109 3165 1195 3252 μακά

96 3285 221 3380 μακρᾶς
253 3276 574 3378 τεριπτοσνλλάβῶς
607 3283 775 3367 κλινομένη
809 3283 861 3353 καὶ
890 3284 935 3366 μή
969 3283 1196 3377 ανναιρονμέιη
1207 3314 1243 3372 25

97 3397 180 3472 κατά
206 3398 266 3481 τήν
290 3398 416 3490 γενικήν
440 3398 621 3496 προσθέσει
646 3403 708 3469 τού
733 3427 745 3468 ι
772 3407 862 3468 ποιεῖ
886 3398 946 3479 τήν
971 3396 1106 3480 δοτικήν
1131 3401 1197 3468 τῶν

96 3515 347 3599 πληθυντικῶν·”
374 3523 571 3610 σνναιρεέται
589 3511 657 3610 γάρ
674 3514 812 3584 ἐνταῦθα
829 3515 848 3593 ή
865 3513 999 3595 κλητική
1016 3515 1081 3583 τῶν
1093 3513 1198 3581 ἑνικῶν

98 3629 333 3714 Δημοσθένεος,
351 3627 581 3712 Δημοσθένους
606 3625 687 3726 γάρ.
727 3627 776 3696 Ἠ
796 3625 906 3710 δοτική
931 3631 997 3700 τῶν
1021 3631 1199 3710 πληθυντι-

98 3751 155 3818 κῶν
170 3749 190 3829 ή
208 3745 453 3830 Δημοσθένεσιν
470 3747 507 3816 ού
523 3753 733 3841 συναιρεῖτοι,
754 3741 862 3826 ἐπειδή
886 3741 930 3815 τά
957 3769 975 3812 2
994 3743 1097 3827 μέσον
1123 3743 1199 3815 έστι

98 3866 161 3932 τῶν
173 3861 372 3960 φωνηέντων.
415 3858 590 3933 Ούδέποτε
614 3857 649 3930 δέ
670 3856 716 3931 τά
739 3863 910 3957 φωνήεντα
928 3857 1074 3932 δύνανται
1093 3859 1249 3950 σνναέ-ηο

100 4005 188 4071 ρεσιν
212 3973 423 4072 ἐπιδέξασθαι
449 3976 573 4073 έχοντα
602 3977 637 4046 έν
665 3979 713 4066 τῷ
736 3973 861 4070 μεταξύ
890 3976 1075 4074 σύμφωνον,
1103 3977 1133 4046 σι’
1155 3975 1201 4059 μή

102 4093 266 4191 πρότερον
293 4093 477 4189 άποβληθῇ
505 4089 548 4165 τά
578 4093 764 4189 σύμφωνον,
794 4092 835 4168 ὡς
863 4091 917 4162 ἐπὶ
943 4097 1005 4163 τοῦ
1028 4091 1202 4188 κρείττονα

102 4209 255 4302 κρεέττοο
284 4208 337 4280 καὶ
369 4209 519 4306 κρείττω.
563 4205 698 4303 Ὥσπερ
724 4207 794 4304 γὰρ
826 4206 962 4306 κέντρον
993 4202 1119 4298 μεταξύ
1145 4203 1202 4276 δύο

106 4321 204 4417 ξύλων
230 4325 326 4402 ὄντος
348 4325 385 4396 ού
407 4323 554 4397 δύνανται
580 4321 627 4396 τὰ
648 4319 731 4417 ξύλα
752 4324 912 4406 ένωθῆναι,
929 4319 990 4394 τὸν
1007 4318 1106 4392 αύτδν
1122 4319 1204 4419 πρό-

107 4469 167 4512 τον
190 4441 243 4512 καὶ
268 4443 446 4538 σνμφύνον
471 4437 596 4533 μεταξύ
622 4437 676 4509 δύο
706 4439 895 4534 φωνηέντων
920 4433 1138 4532 ὖπᾶρχθνῗθυ,
1166 4435 1249 4527 οὗ35
