2966 5014
403 337 470 410 Em
491 341 547 402 TO
569 339 862 401 ONOMATIKON.
1131 336 1189 418 169

122 493 356 612 Κανονίζεται
382 515 401 594 ή
426 509 591 594 αι’τιατική
618 513 685 583 τῶν
711 513 935 594 πληθυντικῶν
960 503 1028 580 ᾶπθ
1055 515 1114 592 τῆς
1138 511 1188 580 αῖ·

61 635 232 711 πιστικῆς
256 633 322 701 τῶν
345 629 450 700 ἑνικῶν
464 633 588 699 τοῦτον
604 623 665 699 τόν
680 625 821 724 τρόπον·
859 637 879 668 “
895 623 1001 696 Πᾶσα
1022 624 1186 708 αἰτιατική

62 748 191 818 ἑνικῶν
208 748 250 822 είς
268 775 288 816 ιι
304 749 459 838 λήγουσα
481 744 663 844 προσθέσει
687 747 749 814 ποῶ
770 771 789 813 2
811 751 900 814 ποιεῖ
922 742 983 826 τήν
1004 741 1187 825 αἰτιατικὴν

63 867 139 933 τῶν
170 865 407 944 πληθυντικῶν,
430 861 500 932 οῖον
523 858 657 931 Αίαντα
681 856 841 944 Αἴαντας,
870 859 1001 947 λε’βητα
1027 857 1185 946 λέβητας,

66 975 237 1075 Λόχητα
249 973 424 1074 Λόχηπας,
435 977 541 1075 ἔρωτα
555 977 688 1073 ίρατας.
716 974 830 1053 Οθτιος
843 972 897 1047 οὐν
908 975 961 1047 καί
973 975 1211 1060 Δημοσθένεαε

66 1093 342 1176 Δημοσθένεας.”
395 1095 539 1165 Δίναται
564 1090 598 1163 θῖ
622 1091 674 1162 καῖ
701 1091 770 1164 ᾶπό
794 1101 853 1171 τῖς
875 1093 995 1170 εὐθείας
1014 1098 1081 1164 τῶν
1101 1099 1187 1176 πλη-

67 1215 238 1282 θυντικῶν
260 1215 482 1295 κανονισθῆναι
504 1217 626 1283 τοῦτον
652 1207 714 1281 τόν
742 1210 883 1308 τρόπον·
916 1217 938 1254 “
953 1209 1059 1280 Πᾶσα
1082 1211 1185 1282 εὐθεῖα

66 1331 308 1410 πληθυντικῶν
333 1329 376 1403 είς
400 1357 438 1398 ατ
464 1329 617 1420 λήγουσα
640 1333 753 1426 τροπή
773 1334 837 1399 τοῦ
857 1358 876 1400 ιι
899 1329 943 1406 είς
965 1327 1063 1410 ιιτήν
1080 1329 1188 1398 αίτια·

68 1443 173 1526 τικήν
186 1448 254 1514 τῶν
265 1447 488 1526 πληθυντικῶν
504 1452 601 1525 ποιεῖ,
619 1439 689 1514 οίον
698 1441 842 1522 Α’ίαντες
853 1441 1013 1526 Αἴαντας,
1028 1439 1188 1540 Λόχητις

71 1555 262 1656 Λόχητας,
278 1559 418 1645 λέβητες
434 1559 591 1647 λέβητας,
608 1560 724 1658 ἔρωτες
744 1559 894 1657 ίρωτας.”
931 1558 1047 1638 Οότιος
1063 1557 1118 1631 οὐν
1134 1558 1186 1631 καί
1198 1595 1235 1638 ιο

21 1672 148 1744 ιαᾶπὸ
167 1681 234 1746 παιῖ
248 1675 470 1758 Δημοσθένεετ
484 1675 712 1759 Δαμοσθίνεας
729 1674 866 1768 γέγονεν
878 1673 964 1747 κατὰ
980 1675 1110 1774 τροπήν
1126 1682 1188 1747 τοῦ

75 1821 96 1861 α
115 1793 164 1868 εἷς
179 1820 212 1862 ιι.
264 1789 387 1874 Μηδεὶς
405 1793 522 1863 οἰέσθω
539 1791 594 1864 ὅτι
615 1788 658 1862 τὸ
673 1791 892 1874 Δημοσθένεις
908 1787 977 1861 dm}
994 1796 1057 1862 τοιῖ
1074 1791 1188 1873 Δημο-

73 1907 218 1985 σθένεας
240 1907 360 2001 γε’γονε
382 1904 467 1979 κατὰ
492 1910 609 2006 κρᾶσιν
627 1913 690 1979 τοῦ
706 1937 726 1979 ιι
743 1907 795 1978 καῖ
816 1937 834 1978 ιι
852 1909 895 1985 εἰς
911 1907 971 1991 τήν
989 1937 1022 1980 ιιι
1041 1905 1187 2004 δίφθογ·

76 2051 155 2115 γον,
181 2021 227 2095 τό
254 2021 322 2121 γᾶρ
350 2055 368 2096 α
393 2024 445 2096 καί
475 2053 493 2094 ι
517 2026 562 2102 είς
587 2053 610 2096 ιι
635 2025 812 2120 κίρνανται,
842 2023 911 2096 οῖον
936 2023 1051 2121 τείχεα
1080 2023 1186 2121 τείχη,

78 2139 189 2222 βέλεα
214 2139 312 2227 βέλη,
336 2137 428 2211 ἆλλᾶ
452 2139 502 2212 θεῖ
528 2140 639 2232 λίγειν
663 2139 718 2211 ότι
749 2139 921 2237 ὁμοφωνία
949 2141 1023 2212 ἐστὶ
1052 2148 1112 2223 τῆς
1138 2143 1234 2236 ‹al-15

77 2263 233 2339 τιατικής
258 2261 323 2327 τῶν
352 2260 575 2340 πληθυντικῶν
604 2254 688 2356 πρὸς
714 2255 775 2339 τήν
804 2257 926 2328 εὐθεῖαν
953 2261 1019 2327 τῶν
1045 2260 1188 2340 πληθυν-

79 2379 192 2445 τικῶν.
247 2384 267 2414 “
286 2371 392 2444 Πᾶσα
426 2374 530 2445 εὐθεῖα
564 2377 787 2456 πληθυντικῶν
820 2376 863 2451 εἰς
897 2403 913 2446 ε
947 2377 1099 2468 λήγουσα
1133 2373 1186 2444 καῖ

80 2491 312 2588 συναιρουμίνη
332 2487 418 2562 κατὰ
440 2490 501 2573 τήν
524 2489 717 2562 τελευταίαν
737 2491 913 2581 συλλαβήν
928 2491 988 2574 τήν
1005 2489 1188 2573 αι’τιατικήν

81 2606 151 2702 ἔχει
182 2605 358 2704 ὁμόφωνον
387 2607 469 2701 αὐτή
498 2603 651 2688 δηλονότι
686 2608 738 2678 καῖ
771 2608 832 2690 τήν
861 2609 1023 2692 κλητικήν,
1053 2604 1124 2678 οῖον
1152 2607 1188 2678 οῖ

83 2723 210 2821 βότρυς
238 2721 314 2800 τούς
341 2722 465 2822 βότρυς
489 2721 516 2794 αῖ
538 2723 675 2822 βότρυς,
693 2727 726 2796 οῖ
748 2726 828 2812 βοᾶς
849 2725 925 2801 τούς
948 2726 1027 2812 βοῦς
1047 2725 1076 2796 ῶ
1094 2726 1185 2811 βοῦς,
1197 2757 1234 2798 οο

84 2841 117 2908 οῖ
142 2843 237 2938 ι’χθῦς
260 2839 337 2916 τούς
361 2842 453 2937 ι’χθύς
477 2841 504 2911 ῶ
529 2842 629 2937 ι’χθῦς,
645 2843 680 2911 οῖ
696 2838 778 2922 ήόεῖς
793 2837 869 2916 τούς
890 2837 971 2921 ήόεῖς
995 2840 1022 2909 ῶ
1045 2836 1136 2921 ήόεῖς,
1153 2838 1187 2908 οῖ

85 2951 220 3043 εὐγενεῖς
244 2952 320 3030 τούς
345 2953 478 3046 εὐγενεῖς
502 2955 529 3025 ῶ
553 2955 696 3048 εὐγενεῖς,
713 2957 748 3027 αί
769 2955 892 3053 εὐφυεῖς
913 2951 989 3032 τούς
1014 2955 1137 3052 εὐφυεῖς
1161 2952 1187 3025 ῶ

85 3066 219 3164 εὐφυεῖς.
270 3066 385 3145 Οίττως
401 3067 454 3140 οὐν
471 3069 523 3140 καί
542 3071 575 3140 αῖ
592 3070 811 3154 Δημοσθένεις
832 3069 909 3148 τούς
926 3070 1187 3154 Δημοσθένειςῶ

88 3181 335 3266 Λημοσθίνεις.”
373 3184 578 3284 Πρόσκειται
598 3199 619 3230 “
632 3191 675 3266 εἷς
692 3217 710 3258 τ
726 3189 911 3282 λήγουσα,”
928 3184 980 3260 όιᾶ
997 3185 1040 3259 τό
1058 3189 1091 3258 οῖ
1106 3188 1187 3286 χρύ-

87 3327 156 3370 σεοι
174 3302 208 3370 οῖ
223 3311 355 3397 χρυσοῖ,
371 3303 423 3373 καῖ
441 3305 476 3374 οἷ
490 3300 627 3400 χᾶλκεοι
645 3306 678 3375 οῖ
693 3313 826 3401 χαλκοῖ·
857 3311 965 3376 ταῶτα
985 3301 1054 3401 γὰρ
1078 3333 1231 3398 mmm-25

87 3424 217 3510 ροῢνται
242 3416 328 3490 κατὰ
352 3419 413 3502 τήν
432 3422 625 3492 τελευταίαν
648 3422 833 3510 συλλαβήν,
853 3421 904 3491 καὶ
931 3419 1038 3502 ἐπειδή
1062 3421 1100 3489 οὐ
1124 3425 1184 3502 λή-

89 3561 203 3623 γουσιν
227 3537 270 3612 είς
296 3565 324 3618 τ,
352 3537 407 3606 οὐκ
435 3536 548 3633 ἔχουσι
576 3537 636 3620 τήν
661 3538 843 3620 αι’τιατικήν
868 3541 934 3608 τῶν
963 3539 1186 3618 πληθυντικῶν

90 3649 261 3749 ὁμόφωνον
291 3653 411 3737 αὐτοῖς,
440 3653 516 3730 τούς
544 3661 684 3751 χρυσοῖς
713 3651 782 3749 γὰρ
809 3651 861 3722 καῖ
891 3650 967 3728 τούς
996 3655 1140 3748 χαλκοῖς
1166 3653 1185 3734 ή

92 3767 251 3850 αι’πιατική
267 3773 332 3838 τῶν
349 3773 582 3854 πληθνντυιῶν,
605 3774 623 3852 ή
648 3769 683 3841 δὲ
706 3771 842 3854 κλητική
864 3769 1032 3867 όμοφωνεῖ
1052 3775 1096 3863 τῇ
1120 3766 1184 3860 ι’όίᾳ

91 3881 202 3973 εὐθείᾳ,
227 3879 296 3953 οῖον
318 3885 351 3955 οῖ
374 3885 542 3982 χρυσοῖῶ
563 3897 695 3982 χρυσοῖ,
718 3889 752 3956 οῖ
776 3893 900 3982 χαλκοῖ
923 3883 973 3955 καί
999 3882 1026 3956 ιό
1050 3892 1232 3982 χαλκοῖ,3ο

91 3993 195 4081 ε’πειόή
218 4004 284 4070 τῶν
301 3997 409 4070 όοῖκῶν
426 3999 478 4070 καί
498 4005 564 4071 τῶν
581 4006 804 4084 πληθυντικῶν
820 4004 859 4078 ῶς
883 4005 901 4083 ή
924 4003 1006 4098 όρθή
1029 4000 1113 4073 οὕτω
1130 4002 1182 4072 καῖ

92 4114 108 4192 ἧ
126 4120 270 4198 κλητική.
323 4114 528 4211 Πρόσκειται
545 4125 569 4160 “
581 4117 634 4187 καῖ
652 4117 877 4215 συναιρουμίνη
893 4115 979 4189 κατὰ
995 4119 1055 4201 τήν
1071 4125 1182 4189 τελευ-

93 4231 183 4302 ταίαν
204 4231 408 4320 σνλλαβήν,”
426 4231 477 4304 διὰ
500 4231 543 4305 τό
566 4233 762 4331 Ἡρακλῆος.
812 4233 901 4306 ’1όού
923 4233 992 4332 γὰρ
1012 4239 1116 4305 τοιῖτο
1141 4235 1183 4310 εἰς

95 4371 111 4413 2
128 4351 234 4441 λήγει,
251 4349 303 4421 καί
327 4351 383 4421 οὐκ
404 4351 472 4448 ἔχει
494 4349 669 4448 ὁμόφωνον
685 4351 745 4433 τήν
762 4353 943 4434 αι’τιατικήν
959 4355 1025 4421 τῶν
1041 4353 1184 4434 πληθυν-

94 4473 192 4550 τικῶν,
206 4467 400 4564 Ἠρακλῖηας
416 4466 485 4564 γᾶρ
503 4471 521 4550 ή
538 4467 702 4552 αι’τιαπική
718 4473 785 4538 τῶν
801 4469 1033 4550 πληθυντικῶν,
1051 4465 1129 4535 ἄλλ’
1147 4465 1229 4543 οὐ35

625 4603 641 4642 z
