2958 5018
412 339 479 399 ΕΙΣ
500 339 557 400 ΤΟ
580 339 873 400 ΟΝΟΜΑΤΙΚΟΝ.
1129 337 1192 422 185

81 507 121 578 έν
136 513 184 602 τῇ
202 513 319 603 γενικῇ,
336 507 389 578 καὶ
407 508 444 580 ού
463 509 628 580 κλίνονται
653 505 705 578 διδ
727 515 790 579 τοῦ
815 537 869 593 ιιτ,
893 507 962 579 οἷον
986 507 1193 587 Ποσειδῶνος

81 624 142 694 καὶ
162 623 323 720 Τυφῶνος
339 624 391 694 καί
408 620 454 695 τά
472 623 581 707 ὅμοια.
625 623 743 695 Ταῦτα
759 622 818 706 μέν
833 625 866 694 έν
882 625 1024 702 τούτοις.

138 739 273 810 Ἰστέον
298 738 332 812 δὲ
357 739 411 812 ὅτι
437 738 483 811 τὰ
509 741 551 816 είς
576 769 620 810 οιι
645 737 874 836 πατρωνυμικδι
899 737 1033 812 ἅπαντα
1059 738 1193 838 φυλάτ-

82 888 187 928 τουσι
210 856 253 928 τδ
271 887 292 928 ο
312 859 365 928 ίπί
390 865 449 941 τῆς
470 865 603 950 γενικῆς,
621 857 699 940 οῖον,
717 855 877 955 Ἀπρείων
894 857 1099 953 Ἀτρείωνος,
1119 857 1193 941 Πη-

82 974 185 1043 λείων
205 971 400 1057 Πηλείωνος,
419 973 493 1044 ὅθεν
509 971 553 1045 τδ
577 972 726 1070 Κρονίων
747 973 1000 1070 ιἰναλογιύτερόν
1022 975 1096 1045 ἐστι
1121 981 1218 1058 κλι-5

83 1087 223 1171 νόμενον
240 1086 291 1159 διὰ
308 1095 371 1160 τοῦ
386 1118 407 1159 α
426 1087 620 1184 Κρονίωνος,
638 1084 707 1159 οίον
735 1091 789 1181 [Il.
807 1087 849 1159 α’.
865 1089 957 1180 4ο5.]

253 1227 283 1286 ὃς
294 1228 328 1302 ῥδ
342 1229 412 1302 παρδ
426 1227 551 1300 Κρονίωνι
565 1229 694 1296 καθέζετο·

86 1355 329 1459 Ψὲψδ

252 1495 331 1566 Ζηνδε
344 1493 368 1549 δ’
382 1495 428 1550 οὐκ
440 1491 472 1550 δν
486 1495 568 1568 ἔγωγε
582 1495 720 1568 Κρονίονος
733 1490 820 1551 ἆσσον
834 1495 941 1566 ἱκοίμην,

783 1623 997 1652 λὶὶἱ

84 1621 345 1722 ὖτερβιβασμδν
361 1623 497 1719 ἐδέξατο
513 1631 576 1696 τού
591 1625 723 1723 χρόνου,
741 1657 792 1696 και
813 1657 856 1697 το
876 1656 935 1708 μεν
953 1656 964 1696 ι
982 1623 1131 1719 εξετιίθη,
1147 1625 1191 1700 τδ
1206 1662 1241 1701 ιο

86 1738 124 1812 δέ
152 1771 172 1812 ο
198 1736 394 1822 συνεστάλη.
441 1739 585 1822 Ὀμοίως
611 1739 645 1810 δέ
669 1741 721 1810 καί
746 1737 791 1812 τά
818 1743 860 1817 είς
885 1771 929 1812 ου
955 1741 1191 1837 ύποκοριστικδι

87 1851 305 1952 φυλάττουσι
330 1851 374 1926 τδ
398 1886 420 1926 ο
444 1856 477 1926 έν
499 1859 543 1950 τῇ
569 1861 689 1950 γενικῇ,
712 1853 792 1943 οἷον,
814 1855 1030 1954 Βακχυλίδης,
1048 1853 1192 1954 Βάκχων

88 1967 281 2067 Βάκχωνος,
308 1969 493 2054 Σιμωνίδης,
520 1971 630 2054 Σίμων
657 1971 813 2058 Σίμωνος,
841 1971 1020 2057 Σικελίδης,
1047 1971 1193 2044 Σικελιδν

89 2085 284 2170 Σικελῶνος,
314 2083 581 2172 Λακεδαιμόνιος,
609 2084 728 2158 Λάκων
759 2085 925 2172 Λάκωνος,
955 2087 1191 2173 Μιτυληναῖος,

90 2201 212 2272 Μέτων
231 2199 395 2278 Μέτωνος.
1204 2238 1238 2298 ¹5

142 2314 198 2386 Τὰ
228 2318 271 2392 είς
301 2346 346 2388 uu
376 2316 570 2413 συγκριτικὰ
600 2318 759 2415 τρέπουσι
789 2313 832 2389 τδ
858 2347 879 2388 ιι
905 2317 947 2392 είς
975 2313 1019 2386 τδ
1046 2347 1065 2386 o
1091 2317 1123 2387 έν
1148 2321 1192 2411 τῇ

92 2437 209 2526 γενικῇ,
234 2429 312 2512 οἷον,
337 2429 453 2530 μείζων
478 2429 634 2532 μείζονος,
657 2434 816 2531 κρείσσων
838 2432 1037 2530 κρείσσονος,
1060 2431 1192 2528 χερείων

91 2549 263 2646 χερείονος,
305 2548 447 2634 βελτίων
489 2550 672 2636 βελτίονος,
707 2549 846 2642 γλυκίων
882 2547 1060 2640 γλυκίονος,
1099 2547 1191 2629 ἡδίων

93 2665 224 2748 ἡδίονος,
260 2664 392 2746 ἀμείνων
425 2665 600 2751 ἆμείνονος,
635 2662 784 2735 ἐλάττων
817 2661 1008 2747 ε’λάττονος,
1041 2664 1192 2758 βραχίων

93 2781 283 2878 βραχίονος,
310 2779 390 2869 (εἴτε
414 2779 468 2850 ἐπὶ
494 2787 556 2850 τοῦ
582 2785 794 2876 συγκριτικοῦ
819 2783 881 2848 τοῦ
909 2777 1123 2859 σημαίνοντος
1147 2775 1241 2852 τδαο

93 2894 311 2990 βραχύτερον,
329 2893 395 2964 εἴτε
417 2894 471 2963 ἐπὶ
496 2901 558 2964 τοῦ
582 2894 698 2990 μέρους
720 2899 782 2964 τοῦ
806 2895 972 2975 σώματος,
990 2891 1073 2986 ὅπερ
1094 2891 1126 2961 έν
1148 2897 1192 2984 τῇ

95 3007 240 3098 συνηθείᾳ
267 3008 468 3104 παραλόγως
494 3005 640 3102 ὀξύνουσι
666 3008 818 3104 βραχιιδν
841 3007 1008 3100 λέγοντες,
1031 3005 1083 3076 καί
1110 3004 1191 3078 αύτδ

96 3123 163 3221 γάρ
185 3123 302 3206 ὁμοίως
326 3129 375 3214 τῷ
397 3129 595 3220 συγκριτικῷ
617 3124 803 3220 βαρύνεται,
827 3121 896 3192 οῗον
918 3121 1076 3220 βραχίων,
1095 3123 1191 3194 οἱονεὶ

95 3236 137 3310 τδ
153 3238 265 3336 βραχύ
281 3239 378 3336 μέρος
394 3244 455 3309 τοῦ
471 3240 651 3334 σώματος.)

145 3351 200 3424 Τὰ
229 3358 272 3431 εἷς
301 3385 347 3426 ου
378 3351 506 3450 καθαρά
541 3355 720 3452 βαρύτονα,
746 3355 869 3450 ἔχοντα
903 3352 1056 3449 δίχρονον
1088 3355 1131 3460 ε’ν.
1148 3359 1240 3453 τῇη5

97 3470 346 3565 παραληγούση,
364 3472 392 3539 εί
406 3468 465 3552 μέν
487 3469 661 3541 ε’κπείνουσι
681 3466 725 3539 τὸ
749 3467 912 3565 δίχρονον,
930 3468 1090 3564 τρέπουσι
1110 3466 1153 3539 τδ
1171 3497 1193 3538 ο

99 3586 140 3660 εἷς
159 3581 201 3654 τδ
228 3615 247 3654 ο
271 3584 303 3654 έν
325 3591 369 3678 τῇ
392 3590 511 3678 γενικῇ,
535 3581 614 3668 οίον,
639 3581 792 3680 Μαχάων
815 3579 1008 3679 Μαχάονος,
1027 3579 1194 3653 Οίκετάων

102 3702 208 3794 (ίκετ.)
237 3695 444 3780 Οίκετάονος,
473 3697 646 3795 Ἀρετάων
683 3695 896 3796 Ἀρετάονος,
920 3696 1078 3796 Ἀμφίων
1106 3699 1196 3782 Ἀμ-

102 3809 224 3904 φίονος,
241 3811 375 3906 ύπερίων
392 3810 567 3908 ύπερίονος,
593 3812 653 3908 [Il.
671 3809 713 3882 θ’.
730 3807 826 3904 480.]

257 3957 390 4032 ὖπερίοναε
404 3957 511 4029 ἠελίοιο,
1204 3992 1244 4050 3⁰

99 4085 222 4182 Ἐχίων
238 4085 403 4182 Ἐχίονος,
423 4085 572 4156 Πανδίων
590 4084 781 4163 Πανδίονος·
808 4090 838 4158 ει’
856 4086 890 4158 δὲ
907 4089 1131 4160 συστέλλουσι
1153 4087 1195 4159 τδ

103 4201 260 4299 δίχρονον,
290 4198 501 4298 φυλάττουσι
536 4199 578 4272 τδ
609 4231 629 4271 α
660 4203 693 4271 έν
721 4207 766 4294 τῇ
794 4209 914 4295 γενικῇ,
944 4203 1025 4286 οἷον,
1053 4203 1197 4274 Ἠετίων

101 4317 285 4399 Ἠετίωνος,
307 4317 490 4387 Δευκαλίων
513 4317 742 4399 Δευκαλίωνος,
764 4315 983 4414 Ἀμφιτρύων
1003 4317 1198 4415 Ἀμφιτρύ-

104 4463 183 4516 ωνος,
202 4432 369 4531 Εὐρυτίων
389 4431 602 4529 Εύριπίωνος,
627 4431 808 4528 ἇλεκτρύων
834 4432 1061 4528 ἆλεκτρύωνος,
1085 4433 1198 4528 Ἐρευ·
