<?xml version="1.0" encoding="UTF-8"?>
<!DOCTYPE html PUBLIC "-//W3C//DTD XHTML 1.0 Transitional//EN"
    "http://www.w3.org/TR/xhtml1/DTD/xhtml1-transitional.dtd">
<html xmlns="http://www.w3.org/1999/xhtml" xml:lang="en" lang="en">
 <head>
  <title>
</title>
<meta http-equiv="Content-Type" content="text/html;charset=utf-8" />
  <meta name='ocr-system' content='tesseract 3.04.00' />
  <meta name='ocr-capabilities' content='ocr_page ocr_carea ocr_par ocr_line ocrx_word'/>
</head>
<body>
  <div class='ocr_page' id='page_1' title='image "./georgiichoerobo00choegoog/georgiichoerobo00choegoog_0034.png"; bbox 0 0 2982 5022; ppageno 0'>
   <div class='ocr_carea' id='block_1_1' title="bbox 501 277 1212 360">
    <p class='ocr_par' dir='ltr' id='par_1_1' title="bbox 501 277 1212 360">
     <span class='ocr_line' id='line_1_1' title="bbox 501 277 1212 360; baseline 0 -22"><span class='ocrx_word' id='word_1_1' title='bbox 501 277 824 340; x_wconf 75' lang='grc' dir='ltr'>αυοκυιοιιιαακ.</span> <span class='ocrx_word' id='word_1_2' title='bbox 1191 295 1212 360; x_wconf 88' lang='lat'>9</span> 
     </span>
    </p>
   </div>
   <div class='ocr_carea' id='block_1_2' title="bbox 44 446 1263 2048">
    <p class='ocr_par' dir='ltr' id='par_1_2' title="bbox 44 446 1263 2048">
     <span class='ocr_line' id='line_1_2' title="bbox 118 446 1212 544; baseline -0.001 -25"><span class='ocrx_word' id='word_1_3' title='bbox 118 447 251 541; x_wconf 78' lang='grc' dir='ltr'>λέγουσι</span> <span class='ocrx_word' id='word_1_4' title='bbox 268 446 364 530; x_wconf 80' lang='grc' dir='ltr'>τινές,</span> <span class='ocrx_word' id='word_1_5' title='bbox 381 446 470 518; x_wconf 87' lang='grc' dir='ltr'>ναιόν</span> <span class='ocrx_word' id='word_1_6' title='bbox 486 446 528 537; x_wconf 74' lang='lat' dir='ltr'>(s.</span> <span class='ocrx_word' id='word_1_7' title='bbox 542 447 607 542; x_wconf 80' lang='grc' dir='ltr'>ναί)</span> <span class='ocrx_word' id='word_1_8' title='bbox 627 447 680 518; x_wconf 76' lang='grc' dir='ltr'>καί</span> <span class='ocrx_word' id='word_1_9' title='bbox 697 451 716 529; x_wconf 79' lang='grc' dir='ltr'><em>ἡ</em></span> <span class='ocrx_word' id='word_1_10' title='bbox 734 449 836 519; x_wconf 79' lang='grc' dir='ltr'>ειίθεία</span> <span class='ocrx_word' id='word_1_11' title='bbox 854 449 964 544; x_wconf 78' lang='grc' dir='ltr'>κυρίως</span> <span class='ocrx_word' id='word_1_12' title='bbox 980 447 1053 518; x_wconf 82' lang='grc' dir='ltr'>έστί</span> <span class='ocrx_word' id='word_1_13' title='bbox 1076 453 1212 524; x_wconf 88' lang='grc' dir='ltr'>πτῶσις·</span> 
     </span>
     <span class='ocr_line' id='line_1_3' title="bbox 118 547 1214 660; baseline 0.002 -26"><span class='ocrx_word' id='word_1_14' title='bbox 118 561 195 636; x_wconf 80' lang='grc' dir='ltr'>καθθ</span> <span class='ocrx_word' id='word_1_15' title='bbox 211 547 364 659; x_wconf 74' lang='grc' dir='ltr'>μὲνγὰρ,</span> <span class='ocrx_word' id='word_1_16' title='bbox 376 564 492 660; x_wconf 79' lang='grc' dir='ltr'>φασίν,</span> <span class='ocrx_word' id='word_1_17' title='bbox 505 564 619 634; x_wconf 77' lang='grc' dir='ltr'>ἔπεσεν</span> <span class='ocrx_word' id='word_1_18' title='bbox 636 560 705 634; x_wconf 77' lang='grc' dir='ltr'>ἀπὸ</span> <span class='ocrx_word' id='word_1_19' title='bbox 721 569 782 634; x_wconf 81' lang='grc' dir='ltr'>τοῦ</span> <span class='ocrx_word' id='word_1_20' title='bbox 795 570 920 656; x_wconf 79' lang='grc' dir='ltr'>γενικοῶ</span> <span class='ocrx_word' id='word_1_21' title='bbox 933 562 1104 648; x_wconf 85' lang='grc' dir='ltr'>ὀνόματος,</span> <span class='ocrx_word' id='word_1_22' title='bbox 1113 595 1214 636; x_wconf 85' lang='grc' dir='ltr'>τουτ-</span> 
     </span>
     <span class='ocr_line' id='line_1_4' title="bbox 116 676 1213 776; baseline 0.002 -28"><span class='ocrx_word' id='word_1_23' title='bbox 116 681 205 750; x_wconf 88' lang='grc' dir='ltr'>έστιν</span> <span class='ocrx_word' id='word_1_24' title='bbox 215 677 286 749; x_wconf 81' lang='grc' dir='ltr'>ιἰπό</span> <span class='ocrx_word' id='word_1_25' title='bbox 297 685 358 749; x_wconf 83' lang='grc' dir='ltr'>τοῦ</span> <span class='ocrx_word' id='word_1_26' title='bbox 367 678 580 776; x_wconf 71' lang='grc' dir='ltr'>περιέχοντος</span> <span class='ocrx_word' id='word_1_27' title='bbox 590 676 728 761; x_wconf 81' lang='grc' dir='ltr'>έκιίστηυ</span> <span class='ocrx_word' id='word_1_28' title='bbox 738 677 827 772; x_wconf 77' lang='grc' dir='ltr'>λέξιν</span> <span class='ocrx_word' id='word_1_29' title='bbox 838 679 1010 763; x_wconf 81' lang='grc' dir='ltr'>ὀνόματος,</span> <span class='ocrx_word' id='word_1_30' title='bbox 1015 676 1099 750; x_wconf 77' lang='grc' dir='ltr'>κατὰ</span> <span class='ocrx_word' id='word_1_31' title='bbox 1110 685 1213 752; x_wconf 78' lang='grc' dir='ltr'>τοῦτο</span> 
     </span>
     <span class='ocr_line' id='line_1_5' title="bbox 117 793 1213 892; baseline 0.001 -27"><span class='ocrx_word' id='word_1_32' title='bbox 117 800 241 871; x_wconf 90' lang='grc' dir='ltr'>πτῶσις</span> <span class='ocrx_word' id='word_1_33' title='bbox 257 795 408 886; x_wconf 77' lang='grc' dir='ltr'>λέγεται·</span> <span class='ocrx_word' id='word_1_34' title='bbox 431 793 512 866; x_wconf 80' lang='grc' dir='ltr'>καθὸ</span> <span class='ocrx_word' id='word_1_35' title='bbox 530 793 564 865; x_wconf 83' lang='grc' dir='ltr'>θέ</span> <span class='ocrx_word' id='word_1_36' title='bbox 585 800 735 865; x_wconf 77' lang='grc' dir='ltr'>πεσοῦσα</span> <span class='ocrx_word' id='word_1_37' title='bbox 752 797 854 892; x_wconf 85' lang='grc' dir='ltr'>ὀρθῶς</span> <span class='ocrx_word' id='word_1_38' title='bbox 869 795 978 876; x_wconf 80' lang='grc' dir='ltr'>ἔπεσε,</span> <span class='ocrx_word' id='word_1_39' title='bbox 1001 793 1085 867; x_wconf 77' lang='grc' dir='ltr'>κατὰ</span> <span class='ocrx_word' id='word_1_40' title='bbox 1108 801 1213 868; x_wconf 82' lang='grc' dir='ltr'>τοῦτο</span> 
     </span>
     <span class='ocr_line' id='line_1_6' title="bbox 116 909 1239 1008; baseline 0.002 -28"><span class='ocrx_word' id='word_1_41' title='bbox 116 912 196 1006; x_wconf 77' lang='grc' dir='ltr'>ὀρθίς</span> <span class='ocrx_word' id='word_1_42' title='bbox 216 911 271 980; x_wconf 82' lang='grc' dir='ltr'>καί</span> <span class='ocrx_word' id='word_1_43' title='bbox 294 912 397 982; x_wconf 82' lang='grc' dir='ltr'>είθεῑα</span> <span class='ocrx_word' id='word_1_44' title='bbox 421 919 580 982; x_wconf 84' lang='grc' dir='ltr'>καλεῖται·</span> <span class='ocrx_word' id='word_1_45' title='bbox 605 909 718 1006; x_wconf 83' lang='grc' dir='ltr'>ῶσπερ</span> <span class='ocrx_word' id='word_1_46' title='bbox 734 911 787 980; x_wconf 80' lang='grc' dir='ltr'>καί</span> <span class='ocrx_word' id='word_1_47' title='bbox 809 909 851 982; x_wconf 81' lang='grc' dir='ltr'>τὸ</span> <span class='ocrx_word' id='word_1_48' title='bbox 870 916 1035 1008; x_wconf 70' lang='grc' dir='ltr'>γραφεῖον</span> <span class='ocrx_word' id='word_1_49' title='bbox 1050 909 1093 981; x_wconf 81' lang='grc' dir='ltr'>τὸ</span> <span class='ocrx_word' id='word_1_50' title='bbox 1111 913 1239 1007; x_wconf 84' lang='grc' dir='ltr'>ὀρθῶς5</span> 
     </span>
     <span class='ocr_line' id='line_1_7' title="bbox 116 1025 1213 1128; baseline 0.004 -32"><span class='ocrx_word' id='word_1_51' title='bbox 116 1028 251 1109; x_wconf 80' lang='grc' dir='ltr'>πέπον,</span> <span class='ocrx_word' id='word_1_52' title='bbox 269 1025 370 1124; x_wconf 81' lang='grc' dir='ltr'>ὀρθῶν</span> <span class='ocrx_word' id='word_1_53' title='bbox 386 1036 545 1100; x_wconf 85' lang='grc' dir='ltr'>καλεῖται·</span> <span class='ocrx_word' id='word_1_54' title='bbox 567 1028 597 1111; x_wconf 72' lang='grc' dir='ltr'>ἢ,</span> <span class='ocrx_word' id='word_1_55' title='bbox 615 1029 698 1125; x_wconf 79' lang='grc' dir='ltr'>ὅπερ</span> <span class='ocrx_word' id='word_1_56' title='bbox 714 1029 855 1116; x_wconf 85' lang='grc' dir='ltr'>βέλτιον</span> <span class='ocrx_word' id='word_1_57' title='bbox 871 1029 963 1102; x_wconf 79' lang='grc' dir='ltr'>ἐστίν</span> <span class='ocrx_word' id='word_1_58' title='bbox 979 1031 1088 1112; x_wconf 79' lang='grc' dir='ltr'>εἰπεῖν,</span> <span class='ocrx_word' id='word_1_59' title='bbox 1101 1029 1213 1128; x_wconf 83' lang='grc' dir='ltr'>ῶσπερ</span> 
     </span>
     <span class='ocr_line' id='line_1_8' title="bbox 116 1141 1215 1242; baseline 0.005 -30"><span class='ocrx_word' id='word_1_60' title='bbox 116 1141 167 1212; x_wconf 85' lang='grc' dir='ltr'>έπί</span> <span class='ocrx_word' id='word_1_61' title='bbox 188 1148 255 1214; x_wconf 87' lang='grc' dir='ltr'>τῶν</span> <span class='ocrx_word' id='word_1_62' title='bbox 270 1143 385 1230; x_wconf 73' lang='grc' dir='ltr'>κύβων·</span> <span class='ocrx_word' id='word_1_63' title='bbox 410 1149 517 1215; x_wconf 79' lang='grc' dir='ltr'>ταῦτα</span> <span class='ocrx_word' id='word_1_64' title='bbox 542 1141 611 1239; x_wconf 72' lang='grc' dir='ltr'>γὰρ</span> <span class='ocrx_word' id='word_1_65' title='bbox 636 1146 676 1221; x_wconf 82' lang='grc' dir='ltr'>ὡς</span> <span class='ocrx_word' id='word_1_66' title='bbox 700 1141 754 1214; x_wconf 80' lang='grc' dir='ltr'>ἐὰν</span> <span class='ocrx_word' id='word_1_67' title='bbox 778 1143 845 1234; x_wconf 83' lang='grc' dir='ltr'>(ὅσ’</span> <span class='ocrx_word' id='word_1_68' title='bbox 861 1141 915 1238; x_wconf 74' lang='grc' dir='ltr'>ἂν)</span> <span class='ocrx_word' id='word_1_69' title='bbox 938 1145 1093 1228; x_wconf 89' lang='grc' dir='ltr'>πέσωσιν,</span> <span class='ocrx_word' id='word_1_70' title='bbox 1112 1149 1215 1242; x_wconf 86' lang='grc' dir='ltr'>ὀρθῶς</span> 
     </span>
     <span class='ocr_line' id='line_1_9' title="bbox 117 1257 1215 1357; baseline 0.003 -29"><span class='ocrx_word' id='word_1_71' title='bbox 117 1259 309 1329; x_wconf 87' lang='grc' dir='ltr'>πίπτουσιν.</span> <span class='ocrx_word' id='word_1_72' title='bbox 333 1257 445 1330; x_wconf 80' lang='grc' dir='ltr'>Ἐστι</span> <span class='ocrx_word' id='word_1_73' title='bbox 463 1257 497 1330; x_wconf 77' lang='grc' dir='ltr'>δέ</span> <span class='ocrx_word' id='word_1_74' title='bbox 513 1261 612 1330; x_wconf 77' lang='grc' dir='ltr'>εἰπεῖν</span> <span class='ocrx_word' id='word_1_75' title='bbox 628 1257 712 1357; x_wconf 81' lang='grc' dir='ltr'>πρὸς</span> <span class='ocrx_word' id='word_1_76' title='bbox 728 1258 843 1336; x_wconf 83' lang='grc' dir='ltr'>αιίτοίις</span> <span class='ocrx_word' id='word_1_77' title='bbox 856 1259 910 1330; x_wconf 84' lang='grc' dir='ltr'>ὅτι</span> <span class='ocrx_word' id='word_1_78' title='bbox 930 1261 966 1330; x_wconf 83' lang='grc' dir='ltr'>οιί</span> <span class='ocrx_word' id='word_1_79' title='bbox 983 1258 1112 1332; x_wconf 82' lang='grc' dir='ltr'>θιίυαται</span> <span class='ocrx_word' id='word_1_80' title='bbox 1131 1265 1149 1342; x_wconf 82' lang='grc' dir='ltr'><em>ἡ</em></span> <span class='ocrx_word' id='word_1_81' title='bbox 1167 1261 1215 1331; x_wconf 77' lang='grc' dir='ltr'>εὖ·</span> 
     </span>
     <span class='ocr_line' id='line_1_10' title="bbox 118 1372 1215 1472; baseline 0.002 -28"><span class='ocrx_word' id='word_1_82' title='bbox 118 1378 185 1444; x_wconf 78' lang='grc' dir='ltr'>θεία</span> <span class='ocrx_word' id='word_1_83' title='bbox 209 1374 321 1470; x_wconf 86' lang='grc' dir='ltr'>κυρίως</span> <span class='ocrx_word' id='word_1_84' title='bbox 343 1379 470 1451; x_wconf 85' lang='grc' dir='ltr'>πτῶσις</span> <span class='ocrx_word' id='word_1_85' title='bbox 491 1372 579 1445; x_wconf 76' lang='grc' dir='ltr'>εἶναι·</span> <span class='ocrx_word' id='word_1_86' title='bbox 605 1375 657 1444; x_wconf 84' lang='grc' dir='ltr'>καί</span> <span class='ocrx_word' id='word_1_87' title='bbox 681 1373 781 1458; x_wconf 80' lang='grc' dir='ltr'>θῆλον</span> <span class='ocrx_word' id='word_1_88' title='bbox 803 1377 955 1447; x_wconf 74' lang='grc' dir='ltr'>ἐντεῦθεν·</span> <span class='ocrx_word' id='word_1_89' title='bbox 982 1377 1017 1446; x_wconf 75' lang='grc' dir='ltr'>αι’</span> <span class='ocrx_word' id='word_1_90' title='bbox 1042 1377 1215 1472; x_wconf 80' lang='grc' dir='ltr'>προθέσεις</span> 
     </span>
     <span class='ocr_line' id='line_1_11' title="bbox 116 1485 1263 1578; baseline 0.001 -17"><span class='ocrx_word' id='word_1_91' title='bbox 116 1485 199 1572; x_wconf 75' lang='grc' dir='ltr'>μετὰ</span> <span class='ocrx_word' id='word_1_92' title='bbox 224 1495 293 1560; x_wconf 88' lang='grc' dir='ltr'>τῶν</span> <span class='ocrx_word' id='word_1_93' title='bbox 314 1489 475 1559; x_wconf 82' lang='grc' dir='ltr'>θπτῶτιυν</span> <span class='ocrx_word' id='word_1_94' title='bbox 497 1489 549 1560; x_wconf 84' lang='grc' dir='ltr'>καί</span> <span class='ocrx_word' id='word_1_95' title='bbox 574 1494 640 1561; x_wconf 89' lang='grc' dir='ltr'>τῶν</span> <span class='ocrx_word' id='word_1_96' title='bbox 662 1491 785 1562; x_wconf 83' lang='grc' dir='ltr'>εὖθειῶν</span> <span class='ocrx_word' id='word_1_97' title='bbox 801 1491 833 1560; x_wconf 89' lang='grc' dir='ltr'>έν</span> <span class='ocrx_word' id='word_1_98' title='bbox 851 1490 996 1562; x_wconf 79' lang='grc' dir='ltr'>συνθέσει</span> <span class='ocrx_word' id='word_1_99' title='bbox 1019 1491 1111 1578; x_wconf 83' lang='grc' dir='ltr'>είσίν,</span> <span class='ocrx_word' id='word_1_100' title='bbox 1128 1488 1214 1573; x_wconf 81' lang='grc' dir='ltr'>μετὰ</span> <span class='ocrx_word' id='word_1_101' title='bbox 1228 1515 1263 1553; x_wconf 87' lang='lat'>10</span> 
     </span>
     <span class='ocr_line' id='line_1_12' title="bbox 44 1604 1215 1703; baseline 0.002 -29"><span class='ocrx_word' id='word_1_102' title='bbox 44 1629 76 1696; x_wconf 81' lang='lat'>33</span> <span class='ocrx_word' id='word_1_103' title='bbox 91 1605 149 1676; x_wconf 70' lang='grc' dir='ltr'>υθέ</span> <span class='ocrx_word' id='word_1_104' title='bbox 176 1611 244 1676; x_wconf 90' lang='grc' dir='ltr'>τῶν</span> <span class='ocrx_word' id='word_1_105' title='bbox 269 1609 422 1696; x_wconf 76' lang='grc' dir='ltr'>πλαγιῶν</span> <span class='ocrx_word' id='word_1_106' title='bbox 448 1605 481 1674; x_wconf 87' lang='grc' dir='ltr'>έν</span> <span class='ocrx_word' id='word_1_107' title='bbox 507 1605 698 1700; x_wconf 79' lang='grc' dir='ltr'>παραθέσει,</span> <span class='ocrx_word' id='word_1_108' title='bbox 725 1604 877 1688; x_wconf 81' lang='grc' dir='ltr'>θηλονιίτι</span> <span class='ocrx_word' id='word_1_109' title='bbox 904 1607 1002 1703; x_wconf 85' lang='grc' dir='ltr'>χωρίς</span> <span class='ocrx_word' id='word_1_110' title='bbox 1025 1609 1054 1676; x_wconf 84' lang='grc' dir='ltr'>εί</span> <span class='ocrx_word' id='word_1_111' title='bbox 1076 1607 1120 1688; x_wconf 71' lang='grc' dir='ltr'>μὴ</span> <span class='ocrx_word' id='word_1_112' title='bbox 1146 1604 1215 1676; x_wconf 78' lang='grc' dir='ltr'>ἀπὸ</span> 
     </span>
     <span class='ocr_line' id='line_1_13' title="bbox 117 1718 1218 1812; baseline 0 -21"><span class='ocrx_word' id='word_1_113' title='bbox 117 1720 235 1796; x_wconf 80' lang='grc' dir='ltr'>οίθείας</span> <span class='ocrx_word' id='word_1_114' title='bbox 251 1719 385 1812; x_wconf 76' lang='grc' dir='ltr'>γένηται</span> <span class='ocrx_word' id='word_1_115' title='bbox 403 1723 421 1800; x_wconf 78' lang='grc' dir='ltr'><em>ἡ</em></span> <span class='ocrx_word' id='word_1_116' title='bbox 438 1718 584 1796; x_wconf 84' lang='grc' dir='ltr'>σιίνθεσις</span> <span class='ocrx_word' id='word_1_117' title='bbox 604 1721 655 1792; x_wconf 80' lang='grc' dir='ltr'>καί</span> <span class='ocrx_word' id='word_1_118' title='bbox 675 1723 791 1792; x_wconf 84' lang='grc' dir='ltr'>έκεῑθεν</span> <span class='ocrx_word' id='word_1_119' title='bbox 811 1725 829 1804; x_wconf 78' lang='grc' dir='ltr'><em>ἦ</em></span> <span class='ocrx_word' id='word_1_120' title='bbox 850 1723 967 1806; x_wconf 80' lang='grc' dir='ltr'>κλίσις,</span> <span class='ocrx_word' id='word_1_121' title='bbox 985 1721 1063 1803; x_wconf 71' lang='grc' dir='ltr'>οἷον,</span> <span class='ocrx_word' id='word_1_122' title='bbox 1079 1723 1218 1792; x_wconf 85' lang='grc' dir='ltr'>Ἀπολ-</span> 
     </span>
     <span class='ocr_line' id='line_1_14' title="bbox 115 1833 1215 1932; baseline 0.002 -25"><span class='ocrx_word' id='word_1_123' title='bbox 115 1838 229 1907; x_wconf 82' lang='grc' dir='ltr'>λωνίου</span> <span class='ocrx_word' id='word_1_124' title='bbox 261 1833 343 1932; x_wconf 77' lang='grc' dir='ltr'>ὑπὲρ</span> <span class='ocrx_word' id='word_1_125' title='bbox 370 1835 616 1921; x_wconf 89' lang='grc' dir='ltr'>Ἀπολλωνίου,</span> <span class='ocrx_word' id='word_1_126' title='bbox 644 1837 865 1929; x_wconf 81' lang='grc' dir='ltr'>Ἀπολλωνίῳ</span> <span class='ocrx_word' id='word_1_127' title='bbox 894 1837 954 1908; x_wconf 79' lang='grc' dir='ltr'>σὺν</span> <span class='ocrx_word' id='word_1_128' title='bbox 986 1836 1215 1929; x_wconf 83' lang='grc' dir='ltr'>Ἀπολλωνίῳ,</span> 
     </span>
     <span class='ocr_line' id='line_1_15' title="bbox 114 1949 1216 2048; baseline 0.004 -27"><span class='ocrx_word' id='word_1_129' title='bbox 114 1949 347 2022; x_wconf 77' lang='grc' dir='ltr'>Ἀπολλώνιον</span> <span class='ocrx_word' id='word_1_130' title='bbox 377 1950 461 2048; x_wconf 78' lang='grc' dir='ltr'>πρὸς</span> <span class='ocrx_word' id='word_1_131' title='bbox 488 1951 728 2034; x_wconf 79' lang='grc' dir='ltr'>Ἀπολλώνιον,</span> <span class='ocrx_word' id='word_1_132' title='bbox 755 1953 833 2035; x_wconf 80' lang='grc' dir='ltr'>ἐμοῦ</span> <span class='ocrx_word' id='word_1_133' title='bbox 861 1955 915 2022; x_wconf 82' lang='grc' dir='ltr'>ὑπ’</span> <span class='ocrx_word' id='word_1_134' title='bbox 940 1954 1029 2037; x_wconf 73' lang='grc' dir='ltr'>ἐμοῦ,</span> <span class='ocrx_word' id='word_1_135' title='bbox 1055 1955 1126 2037; x_wconf 83' lang='grc' dir='ltr'>ε’μοί</span> <span class='ocrx_word' id='word_1_136' title='bbox 1157 1953 1216 2024; x_wconf 78' lang='grc' dir='ltr'>σὺν</span> 
     </span>
    </p>
   </div>
   <div class='ocr_carea' id='block_1_3' title="bbox 337 2067 482 2108">
    <p class='ocr_par' dir='ltr' id='par_1_3' title="bbox 337 2067 482 2108">
     <span class='ocr_line' id='line_1_16' title="bbox 337 2067 482 2108; baseline 0 -15"><span class='ocrx_word' id='word_1_137' title='bbox 337 2067 482 2108; x_wconf 50' lang='grc' dir='ltr'>,ενι</span> 
     </span>
    </p>
   </div>
   <div class='ocr_carea' id='block_1_4' title="bbox 115 2066 1261 2165">
    <p class='ocr_par' dir='ltr' id='par_1_4' title="bbox 115 2066 1261 2165">
     <span class='ocr_line' id='line_1_17' title="bbox 115 2066 1261 2165; baseline -0.001 -28"><span class='ocrx_word' id='word_1_138' title='bbox 115 2069 196 2150; x_wconf 78' lang='grc' dir='ltr'>έμοί,</span> <span class='ocrx_word' id='word_1_139' title='bbox 222 2067 280 2151; x_wconf 83' lang='grc' dir='ltr'>έμέ</span> <span class='ocrx_word' id='word_1_140' title='bbox 305 2066 335 2138; x_wconf 83' lang='grc' dir='ltr'>δι</span> <span class='ocrx_word' id='word_1_141' title='bbox 370 2099 426 2151; x_wconf 88' lang='grc' dir='ltr'>εμε</span> <span class='ocrx_word' id='word_1_142' title='bbox 470 2067 538 2140; x_wconf 78' lang='grc' dir='ltr'>ιθοίι</span> <span class='ocrx_word' id='word_1_143' title='bbox 562 2069 699 2146; x_wconf 79' lang='grc' dir='ltr'>ἐνταῦθα</span> <span class='ocrx_word' id='word_1_144' title='bbox 726 2071 761 2138; x_wconf 80' lang='grc' dir='ltr'>αἱ</span> <span class='ocrx_word' id='word_1_145' title='bbox 789 2069 972 2164; x_wconf 88' lang='grc' dir='ltr'>προθέσεις,</span> <span class='ocrx_word' id='word_1_146' title='bbox 998 2067 1088 2139; x_wconf 80' lang='grc' dir='ltr'>ἁλλὰ</span> <span class='ocrx_word' id='word_1_147' title='bbox 1117 2069 1238 2165; x_wconf 80' lang='grc' dir='ltr'>χωρίςι</span> <span class='ocrx_word' id='word_1_148' title='bbox 1244 2094 1261 2154; x_wconf 83' lang='lat'><em>5</em></span> 
     </span>
    </p>
   </div>
   <div class='ocr_carea' id='block_1_5' title="bbox 117 2181 1217 2290">
    <p class='ocr_par' dir='ltr' id='par_1_5' title="bbox 117 2181 1217 2290">
     <span class='ocr_line' id='line_1_18' title="bbox 117 2181 1217 2290; baseline -0.002 -34"><span class='ocrx_word' id='word_1_149' title='bbox 117 2185 197 2290; x_wconf 64' lang='grc' dir='ltr'>εζσίν</span> <span class='ocrx_word' id='word_1_150' title='bbox 215 2187 254 2256; x_wconf 74' lang='grc' dir='ltr'>αι’</span> <span class='ocrx_word' id='word_1_151' title='bbox 275 2186 428 2260; x_wconf 83' lang='grc' dir='ltr'>ττῶσεις·</span> <span class='ocrx_word' id='word_1_152' title='bbox 454 2181 539 2266; x_wconf 81' lang='grc' dir='ltr'>μετὰ</span> <span class='ocrx_word' id='word_1_153' title='bbox 557 2181 591 2254; x_wconf 78' lang='grc' dir='ltr'>θὲ</span> <span class='ocrx_word' id='word_1_154' title='bbox 611 2189 676 2255; x_wconf 88' lang='grc' dir='ltr'>τῶν</span> <span class='ocrx_word' id='word_1_155' title='bbox 692 2185 854 2254; x_wconf 79' lang='grc' dir='ltr'>ιἰττιέτωυ</span> <span class='ocrx_word' id='word_1_156' title='bbox 870 2184 905 2254; x_wconf 86' lang='grc' dir='ltr'>έν</span> <span class='ocrx_word' id='word_1_157' title='bbox 920 2184 1066 2257; x_wconf 79' lang='grc' dir='ltr'>συνθέσει</span> <span class='ocrx_word' id='word_1_158' title='bbox 1084 2185 1166 2254; x_wconf 78' lang='grc' dir='ltr'>εἰσίν</span> <span class='ocrx_word' id='word_1_159' title='bbox 1182 2187 1217 2254; x_wconf 75' lang='grc' dir='ltr'>αι’</span> 
     </span>
    </p>
   </div>
   <div class='ocr_carea' id='block_1_6' title="bbox 84 2295 1262 3780">
    <p class='ocr_par' dir='ltr' id='par_1_6' title="bbox 112 2295 1262 3204">
     <span class='ocr_line' id='line_1_19' title="bbox 116 2295 1215 2398; baseline 0 -28"><span class='ocrx_word' id='word_1_160' title='bbox 116 2302 300 2398; x_wconf 78' lang='grc' dir='ltr'>προθέσεις,</span> <span class='ocrx_word' id='word_1_161' title='bbox 315 2301 492 2372; x_wconf 82' lang='grc' dir='ltr'>τουτέστιν</span> <span class='ocrx_word' id='word_1_162' title='bbox 509 2299 670 2382; x_wconf 79' lang='grc' dir='ltr'>ἡνωμέναι,</span> <span class='ocrx_word' id='word_1_163' title='bbox 688 2300 797 2383; x_wconf 85' lang='grc' dir='ltr'>οίονεί,</span> <span class='ocrx_word' id='word_1_164' title='bbox 814 2295 958 2397; x_wconf 74' lang='grc' dir='ltr'>γράψον</span> <span class='ocrx_word' id='word_1_165' title='bbox 975 2297 1215 2395; x_wconf 71' lang='grc' dir='ltr'>κατέγραψαν,</span> 
     </span>
     <span class='ocr_line' id='line_1_20' title="bbox 116 2411 1214 2513; baseline -0.002 -27"><span class='ocrx_word' id='word_1_166' title='bbox 116 2415 192 2488; x_wconf 77' lang='grc' dir='ltr'>ἔλθέ</span> <span class='ocrx_word' id='word_1_167' title='bbox 215 2414 379 2513; x_wconf 82' lang='grc' dir='ltr'>περιελθέ,</span> <span class='ocrx_word' id='word_1_168' title='bbox 395 2424 498 2485; x_wconf 86' lang='grc' dir='ltr'>κεῖται</span> <span class='ocrx_word' id='word_1_169' title='bbox 521 2411 722 2485; x_wconf 79' lang='grc' dir='ltr'>κατάκειται·</span> <span class='ocrx_word' id='word_1_170' title='bbox 750 2413 818 2484; x_wconf 78' lang='grc' dir='ltr'>ι’θοὺ</span> <span class='ocrx_word' id='word_1_171' title='bbox 842 2420 950 2484; x_wconf 79' lang='grc' dir='ltr'>ταῦτα</span> <span class='ocrx_word' id='word_1_172' title='bbox 974 2411 1114 2486; x_wconf 81' lang='grc' dir='ltr'>ιἰπτωτιί</span> <span class='ocrx_word' id='word_1_173' title='bbox 1140 2417 1214 2497; x_wconf 90' lang='grc' dir='ltr'>είσι,</span> 
     </span>
     <span class='ocr_line' id='line_1_21' title="bbox 113 2527 1213 2628; baseline -0.002 -25"><span class='ocrx_word' id='word_1_174' title='bbox 113 2535 247 2628; x_wconf 78' lang='grc' dir='ltr'>ῥήματα</span> <span class='ocrx_word' id='word_1_175' title='bbox 265 2528 335 2628; x_wconf 72' lang='grc' dir='ltr'>γὰρ</span> <span class='ocrx_word' id='word_1_176' title='bbox 351 2531 415 2601; x_wconf 84' lang='grc' dir='ltr'>είσί</span> <span class='ocrx_word' id='word_1_177' title='bbox 438 2531 490 2599; x_wconf 81' lang='grc' dir='ltr'>καί</span> <span class='ocrx_word' id='word_1_178' title='bbox 514 2530 547 2598; x_wconf 79' lang='grc' dir='ltr'>έν</span> <span class='ocrx_word' id='word_1_179' title='bbox 570 2530 715 2602; x_wconf 84' lang='grc' dir='ltr'>συνθέσει</span> <span class='ocrx_word' id='word_1_180' title='bbox 741 2527 825 2612; x_wconf 75' lang='grc' dir='ltr'>μετὰ</span> <span class='ocrx_word' id='word_1_181' title='bbox 848 2536 913 2600; x_wconf 90' lang='grc' dir='ltr'>τῶν</span> <span class='ocrx_word' id='word_1_182' title='bbox 936 2531 1134 2625; x_wconf 81' lang='grc' dir='ltr'>προθέσεων·</span> <span class='ocrx_word' id='word_1_183' title='bbox 1160 2532 1213 2601; x_wconf 83' lang='grc' dir='ltr'>καί</span> 
     </span>
     <span class='ocr_line' id='line_1_22' title="bbox 113 2641 1262 2740; baseline 0.002 -26"><span class='ocrx_word' id='word_1_184' title='bbox 113 2645 225 2728; x_wconf 77' lang='grc' dir='ltr'>πάλιν,</span> <span class='ocrx_word' id='word_1_185' title='bbox 268 2645 367 2739; x_wconf 72' lang='grc' dir='ltr'>ἐγγὺς</span> <span class='ocrx_word' id='word_1_186' title='bbox 409 2643 577 2736; x_wconf 73' lang='grc' dir='ltr'>συνεγγῶς,</span> <span class='ocrx_word' id='word_1_187' title='bbox 614 2641 721 2714; x_wconf 82' lang='grc' dir='ltr'>πέλοι</span> <span class='ocrx_word' id='word_1_188' title='bbox 763 2643 949 2740; x_wconf 88' lang='grc' dir='ltr'>πρόπαλαι·</span> <span class='ocrx_word' id='word_1_189' title='bbox 995 2643 1063 2714; x_wconf 81' lang='grc' dir='ltr'>ι’θοίι</span> <span class='ocrx_word' id='word_1_190' title='bbox 1106 2651 1262 2718; x_wconf 62' lang='grc' dir='ltr'>ταῶταθῠ</span> 
     </span>
     <span class='ocr_line' id='line_1_23' title="bbox 113 2755 1215 2857; baseline 0 -27"><span class='ocrx_word' id='word_1_191' title='bbox 113 2759 267 2843; x_wconf 82' lang='grc' dir='ltr'>ἇπτωτα,</span> <span class='ocrx_word' id='word_1_192' title='bbox 297 2762 506 2857; x_wconf 74' lang='grc' dir='ltr'>ἐπιρρήματα</span> <span class='ocrx_word' id='word_1_193' title='bbox 531 2755 600 2855; x_wconf 74' lang='grc' dir='ltr'>γάρ</span> <span class='ocrx_word' id='word_1_194' title='bbox 627 2761 707 2830; x_wconf 85' lang='grc' dir='ltr'>ιίσιν</span> <span class='ocrx_word' id='word_1_195' title='bbox 731 2759 784 2828; x_wconf 78' lang='grc' dir='ltr'>καί</span> <span class='ocrx_word' id='word_1_196' title='bbox 809 2759 842 2829; x_wconf 88' lang='grc' dir='ltr'>έν</span> <span class='ocrx_word' id='word_1_197' title='bbox 868 2759 1013 2830; x_wconf 83' lang='grc' dir='ltr'>συνθέσει</span> <span class='ocrx_word' id='word_1_198' title='bbox 1039 2759 1102 2828; x_wconf 79' lang='grc' dir='ltr'>είσί</span> <span class='ocrx_word' id='word_1_199' title='bbox 1127 2759 1215 2842; x_wconf 84' lang='grc' dir='ltr'>μετὰ</span> 
     </span>
     <span class='ocr_line' id='line_1_24' title="bbox 113 2873 1212 2974; baseline -0.001 -25"><span class='ocrx_word' id='word_1_200' title='bbox 113 2883 180 2950; x_wconf 88' lang='grc' dir='ltr'>τῶν</span> <span class='ocrx_word' id='word_1_201' title='bbox 195 2876 392 2974; x_wconf 84' lang='grc' dir='ltr'>προθέσεων·</span> <span class='ocrx_word' id='word_1_202' title='bbox 419 2875 571 2950; x_wconf 79' lang='grc' dir='ltr'>ιὐσαιίτιυς</span> <span class='ocrx_word' id='word_1_203' title='bbox 593 2875 646 2944; x_wconf 80' lang='grc' dir='ltr'>καί</span> <span class='ocrx_word' id='word_1_204' title='bbox 670 2873 755 2957; x_wconf 85' lang='grc' dir='ltr'>μετὰ</span> <span class='ocrx_word' id='word_1_205' title='bbox 777 2879 843 2946; x_wconf 90' lang='grc' dir='ltr'>τῶν</span> <span class='ocrx_word' id='word_1_206' title='bbox 865 2876 988 2946; x_wconf 73' lang='grc' dir='ltr'>εὐθειῶν</span> <span class='ocrx_word' id='word_1_207' title='bbox 1011 2876 1043 2944; x_wconf 81' lang='grc' dir='ltr'>ἐν</span> <span class='ocrx_word' id='word_1_208' title='bbox 1066 2877 1212 2948; x_wconf 88' lang='grc' dir='ltr'>συνθέσει</span> 
     </span>
     <span class='ocr_line' id='line_1_25' title="bbox 113 2987 1214 3090; baseline -0.002 -25"><span class='ocrx_word' id='word_1_209' title='bbox 113 2993 195 3065; x_wconf 85' lang='grc' dir='ltr'>είσίν</span> <span class='ocrx_word' id='word_1_210' title='bbox 217 2995 252 3062; x_wconf 88' lang='grc' dir='ltr'>αί</span> <span class='ocrx_word' id='word_1_211' title='bbox 276 2992 458 3090; x_wconf 88' lang='grc' dir='ltr'>προθέσεις,</span> <span class='ocrx_word' id='word_1_212' title='bbox 475 2990 652 3061; x_wconf 86' lang='grc' dir='ltr'>τουτέστιν</span> <span class='ocrx_word' id='word_1_213' title='bbox 669 2991 830 3074; x_wconf 75' lang='grc' dir='ltr'>ἡνωμέναι,</span> <span class='ocrx_word' id='word_1_214' title='bbox 849 2990 955 3071; x_wconf 79' lang='grc' dir='ltr'>οἱονεί,</span> <span class='ocrx_word' id='word_1_215' title='bbox 973 2989 1048 3067; x_wconf 83' lang='grc' dir='ltr'>ὁθός</span> <span class='ocrx_word' id='word_1_216' title='bbox 1063 2987 1214 3077; x_wconf 83' lang='grc' dir='ltr'>κιίθοθος,</span> 
     </span>
     <span class='ocr_line' id='line_1_26' title="bbox 112 3101 1212 3204; baseline -0.003 -26"><span class='ocrx_word' id='word_1_217' title='bbox 112 3105 270 3204; x_wconf 73' lang='grc' dir='ltr'>πάροδος,</span> <span class='ocrx_word' id='word_1_218' title='bbox 295 3103 438 3202; x_wconf 74' lang='grc' dir='ltr'>έργέτης</span> <span class='ocrx_word' id='word_1_219' title='bbox 467 3101 678 3203; x_wconf 74' lang='grc' dir='ltr'>συνεργάτης,</span> <span class='ocrx_word' id='word_1_220' title='bbox 704 3103 791 3182; x_wconf 79' lang='grc' dir='ltr'>οῗκος</span> <span class='ocrx_word' id='word_1_221' title='bbox 818 3105 971 3188; x_wconf 78' lang='grc' dir='ltr'>σύνοικος,</span> <span class='ocrx_word' id='word_1_222' title='bbox 998 3103 1113 3181; x_wconf 80' lang='grc' dir='ltr'>θοῶλος</span> <span class='ocrx_word' id='word_1_223' title='bbox 1138 3107 1212 3176; x_wconf 84' lang='grc' dir='ltr'>σιίν-</span> 
     </span>
    </p>

    <p class='ocr_par' dir='ltr' id='par_1_7' title="bbox 84 3218 1258 3780">
     <span class='ocr_line' id='line_1_27' title="bbox 84 3218 1258 3317; baseline 0.001 -23"><span class='ocrx_word' id='word_1_224' title='bbox 84 3273 86 3276; x_wconf 94' lang='grc'>-</span> <span class='ocrx_word' id='word_1_225' title='bbox 110 3223 237 3298; x_wconf 79' lang='grc' dir='ltr'>θαυλος·</span> <span class='ocrx_word' id='word_1_226' title='bbox 264 3220 333 3292; x_wconf 79' lang='grc' dir='ltr'>ι’θοίι</span> <span class='ocrx_word' id='word_1_227' title='bbox 352 3222 490 3293; x_wconf 77' lang='grc' dir='ltr'>ἐνταῦθα</span> <span class='ocrx_word' id='word_1_228' title='bbox 513 3223 548 3290; x_wconf 81' lang='grc' dir='ltr'>αἶ</span> <span class='ocrx_word' id='word_1_229' title='bbox 570 3220 744 3317; x_wconf 87' lang='grc' dir='ltr'>προθέσεις</span> <span class='ocrx_word' id='word_1_230' title='bbox 765 3218 850 3303; x_wconf 80' lang='grc' dir='ltr'>μετὰ</span> <span class='ocrx_word' id='word_1_231' title='bbox 867 3225 932 3290; x_wconf 92' lang='grc' dir='ltr'>τῶν</span> <span class='ocrx_word' id='word_1_232' title='bbox 949 3221 1071 3291; x_wconf 77' lang='grc' dir='ltr'>εὐθειῶν</span> <span class='ocrx_word' id='word_1_233' title='bbox 1088 3223 1120 3291; x_wconf 87' lang='grc' dir='ltr'>έν</span> <span class='ocrx_word' id='word_1_234' title='bbox 1138 3253 1212 3293; x_wconf 89' lang='grc' dir='ltr'>συν·</span> <span class='ocrx_word' id='word_1_235' title='bbox 1222 3257 1237 3297; x_wconf 86' lang='grc' dir='ltr'>α</span> <span class='ocrx_word' id='word_1_236' title='bbox 1241 3255 1258 3315; x_wconf 80' lang='lat'>5</span> 
     </span>
     <span class='ocr_line' id='line_1_28' title="bbox 111 3333 1212 3428; baseline -0.002 -19"><span class='ocrx_word' id='word_1_237' title='bbox 111 3339 201 3410; x_wconf 90' lang='grc' dir='ltr'>θέσει</span> <span class='ocrx_word' id='word_1_238' title='bbox 219 3338 300 3407; x_wconf 80' lang='grc' dir='ltr'>εἰσίν</span> <span class='ocrx_word' id='word_1_239' title='bbox 316 3336 368 3406; x_wconf 80' lang='grc' dir='ltr'>καί</span> <span class='ocrx_word' id='word_1_240' title='bbox 385 3343 444 3418; x_wconf 74' lang='grc' dir='ltr'>τῆς</span> <span class='ocrx_word' id='word_1_241' title='bbox 461 3343 584 3428; x_wconf 77' lang='grc' dir='ltr'>γενικῆς</span> <span class='ocrx_word' id='word_1_242' title='bbox 600 3336 652 3406; x_wconf 81' lang='grc' dir='ltr'>καὶ</span> <span class='ocrx_word' id='word_1_243' title='bbox 669 3333 797 3418; x_wconf 73' lang='grc' dir='ltr'>δοτικῆς</span> <span class='ocrx_word' id='word_1_244' title='bbox 817 3335 869 3405; x_wconf 79' lang='grc' dir='ltr'>καί</span> <span class='ocrx_word' id='word_1_245' title='bbox 890 3337 1070 3418; x_wconf 79' lang='grc' dir='ltr'>αἰτιατικῆς</span> <span class='ocrx_word' id='word_1_246' title='bbox 1087 3337 1138 3406; x_wconf 81' lang='grc' dir='ltr'>καί</span> <span class='ocrx_word' id='word_1_247' title='bbox 1157 3337 1212 3408; x_wconf 75' lang='grc' dir='ltr'>οὐκ</span> 
     </span>
     <span class='ocr_line' id='line_1_29' title="bbox 109 3449 1212 3548; baseline 0 -24"><span class='ocrx_word' id='word_1_248' title='bbox 109 3453 195 3524; x_wconf 78' lang='grc' dir='ltr'>εἰσίν</span> <span class='ocrx_word' id='word_1_249' title='bbox 209 3453 244 3522; x_wconf 84' lang='grc' dir='ltr'>έν</span> <span class='ocrx_word' id='word_1_250' title='bbox 259 3451 450 3548; x_wconf 87' lang='grc' dir='ltr'>παραθέσει.</span> <span class='ocrx_word' id='word_1_251' title='bbox 490 3449 698 3547; x_wconf 84' lang='grc' dir='ltr'>Πρόσκειται</span> <span class='ocrx_word' id='word_1_252' title='bbox 717 3451 864 3548; x_wconf 80' lang='grc' dir='ltr'>ἀνωτέρω</span> <span class='ocrx_word' id='word_1_253' title='bbox 883 3463 903 3492; x_wconf 85' lang='grc'>“</span> <span class='ocrx_word' id='word_1_254' title='bbox 914 3452 1012 3547; x_wconf 82' lang='grc' dir='ltr'>χωρίς</span> <span class='ocrx_word' id='word_1_255' title='bbox 1029 3457 1058 3522; x_wconf 88' lang='grc' dir='ltr'>εί</span> <span class='ocrx_word' id='word_1_256' title='bbox 1078 3455 1122 3536; x_wconf 77' lang='grc' dir='ltr'>μὴ</span> <span class='ocrx_word' id='word_1_257' title='bbox 1144 3452 1212 3524; x_wconf 81' lang='grc' dir='ltr'>ἀπὸ</span> 
     </span>
     <span class='ocr_line' id='line_1_30' title="bbox 108 3565 1215 3662; baseline 0 -22"><span class='ocrx_word' id='word_1_258' title='bbox 108 3567 232 3644; x_wconf 79' lang='grc' dir='ltr'>ειίθείας</span> <span class='ocrx_word' id='word_1_259' title='bbox 257 3567 389 3659; x_wconf 79' lang='grc' dir='ltr'>γένηται</span> <span class='ocrx_word' id='word_1_260' title='bbox 415 3570 433 3649; x_wconf 78' lang='grc' dir='ltr'><em>ἡ</em></span> <span class='ocrx_word' id='word_1_261' title='bbox 458 3568 606 3645; x_wconf 80' lang='grc' dir='ltr'>σύνθεσις</span> <span class='ocrx_word' id='word_1_262' title='bbox 629 3568 681 3638; x_wconf 80' lang='grc' dir='ltr'>καὶ</span> <span class='ocrx_word' id='word_1_263' title='bbox 708 3567 898 3662; x_wconf 76' lang='grc' dir='ltr'>ε’κεῖσείθευ)</span> <span class='ocrx_word' id='word_1_264' title='bbox 920 3571 938 3649; x_wconf 80' lang='grc' dir='ltr'><em>ἦ</em></span> <span class='ocrx_word' id='word_1_265' title='bbox 958 3568 1083 3644; x_wconf 90' lang='grc' dir='ltr'>κλίσις”</span> <span class='ocrx_word' id='word_1_266' title='bbox 1101 3565 1154 3638; x_wconf 78' lang='grc' dir='ltr'>διὰ</span> <span class='ocrx_word' id='word_1_267' title='bbox 1169 3566 1215 3640; x_wconf 78' lang='grc' dir='ltr'>τὸ</span> 
     </span>
     <span class='ocr_line' id='line_1_31' title="bbox 109 3678 1213 3780; baseline 0 -28"><span class='ocrx_word' id='word_1_268' title='bbox 109 3678 258 3778; x_wconf 81' lang='grc' dir='ltr'>πιὶροθος</span> <span class='ocrx_word' id='word_1_269' title='bbox 275 3679 420 3776; x_wconf 83' lang='grc' dir='ltr'>παρέθου</span> <span class='ocrx_word' id='word_1_270' title='bbox 436 3680 581 3779; x_wconf 86' lang='grc' dir='ltr'>ταρόθῳ.</span> <span class='ocrx_word' id='word_1_271' title='bbox 625 3680 712 3754; x_wconf 81' lang='grc' dir='ltr'>Ἰθοὺ</span> <span class='ocrx_word' id='word_1_272' title='bbox 728 3683 866 3752; x_wconf 78' lang='grc' dir='ltr'>ἐνταῦθα</span> <span class='ocrx_word' id='word_1_273' title='bbox 884 3684 919 3752; x_wconf 81' lang='grc' dir='ltr'>αἱ</span> <span class='ocrx_word' id='word_1_274' title='bbox 935 3683 1107 3780; x_wconf 85' lang='grc' dir='ltr'>προθέσεις</span> <span class='ocrx_word' id='word_1_275' title='bbox 1126 3680 1213 3766; x_wconf 87' lang='grc' dir='ltr'>μετὰ</span> 
     </span>
    </p>
   </div>
   <div class='ocr_carea' id='block_1_7' title="bbox 632 3797 749 3824">
    <p class='ocr_par' dir='ltr' id='par_1_8' title="bbox 632 3797 749 3824">
     <span class='ocr_line' id='line_1_32' title="bbox 632 3797 749 3824; baseline -0.026 0"><span class='ocrx_word' id='word_1_276' title='bbox 632 3800 641 3824; x_wconf 65' lang='lat'><em>2</em></span> <span class='ocrx_word' id='word_1_277' title='bbox 668 3799 676 3824; x_wconf 83' lang='grc' dir='ltr'><strong><em>Ι</em></strong></span> <span class='ocrx_word' id='word_1_278' title='bbox 740 3797 749 3821; x_wconf 72' lang='lat'>9</span> 
     </span>
    </p>
   </div>
   <div class='ocr_carea' id='block_1_8' title="bbox 109 3795 1261 4550">
    <p class='ocr_par' dir='ltr' id='par_1_9' title="bbox 109 3795 1261 3886">
     <span class='ocr_line' id='line_1_33' title="bbox 109 3795 1261 3886; baseline 0.001 -19"><span class='ocrx_word' id='word_1_279' title='bbox 109 3802 177 3868; x_wconf 90' lang='grc' dir='ltr'>τῶν</span> <span class='ocrx_word' id='word_1_280' title='bbox 202 3797 358 3866; x_wconf 76' lang='grc' dir='ltr'>πτώσεων</span> <span class='ocrx_word' id='word_1_281' title='bbox 382 3795 415 3865; x_wconf 85' lang='grc' dir='ltr'>έν</span> <span class='ocrx_word' id='word_1_282' title='bbox 440 3797 586 3869; x_wconf 82' lang='grc' dir='ltr'>συνθέσει</span> <span class='ocrx_word' id='word_1_283' title='bbox 612 3823 702 3868; x_wconf 84' lang='grc' dir='ltr'>εισιν·</span> <span class='ocrx_word' id='word_1_284' title='bbox 733 3798 810 3868; x_wconf 89' lang='grc' dir='ltr'>αλλ’</span> <span class='ocrx_word' id='word_1_285' title='bbox 838 3799 893 3866; x_wconf 74' lang='grc' dir='ltr'>οὐκ</span> <span class='ocrx_word' id='word_1_286' title='bbox 919 3797 1112 3872; x_wconf 81' lang='grc' dir='ltr'>ἅντίκεινται</span> <span class='ocrx_word' id='word_1_287' title='bbox 1140 3803 1212 3883; x_wconf 78' lang='grc' dir='ltr'>ἡμῖν</span> <span class='ocrx_word' id='word_1_288' title='bbox 1222 3827 1261 3886; x_wconf 90' lang='lat'>30</span> 
     </span>
    </p>

    <p class='ocr_par' dir='ltr' id='par_1_10' title="bbox 109 3908 1211 4008">
     <span class='ocr_line' id='line_1_34' title="bbox 109 3908 1211 4008; baseline 0.001 -24"><span class='ocrx_word' id='word_1_289' title='bbox 109 3919 231 3997; x_wconf 77' lang='grc' dir='ltr'>ταῦτα,</span> <span class='ocrx_word' id='word_1_290' title='bbox 244 3913 313 3981; x_wconf 87' lang='grc' dir='ltr'>έπει</span> <span class='ocrx_word' id='word_1_291' title='bbox 334 3909 433 3992; x_wconf 77' lang='grc' dir='ltr'>ἢᾶτὸ</span> <span class='ocrx_word' id='word_1_292' title='bbox 449 3919 508 3994; x_wconf 76' lang='grc' dir='ltr'>τῆς</span> <span class='ocrx_word' id='word_1_293' title='bbox 524 3908 669 4008; x_wconf 80' lang='grc' dir='ltr'>πάροθος</span> <span class='ocrx_word' id='word_1_294' title='bbox 686 3913 804 3989; x_wconf 71' lang='grc' dir='ltr'>εὐθείας</span> <span class='ocrx_word' id='word_1_295' title='bbox 816 3913 949 4005; x_wconf 77' lang='grc' dir='ltr'>ἐγένετο</span> <span class='ocrx_word' id='word_1_296' title='bbox 964 3918 982 3996; x_wconf 78' lang='grc' dir='ltr'><em>ἡ</em></span> <span class='ocrx_word' id='word_1_297' title='bbox 999 3915 1147 3993; x_wconf 81' lang='grc' dir='ltr'>σύνθεσις</span> <span class='ocrx_word' id='word_1_298' title='bbox 1159 3916 1211 3985; x_wconf 78' lang='grc' dir='ltr'>καὶ</span> 
     </span>
    </p>

    <p class='ocr_par' dir='ltr' id='par_1_11' title="bbox 109 4025 1212 4125">
     <span class='ocr_line' id='line_1_35' title="bbox 109 4025 1212 4125; baseline 0.004 -27"><span class='ocrx_word' id='word_1_299' title='bbox 109 4031 229 4100; x_wconf 77' lang='grc' dir='ltr'>ἐκεῖθεν</span> <span class='ocrx_word' id='word_1_300' title='bbox 255 4031 273 4110; x_wconf 80' lang='grc' dir='ltr'><strong><em>ἦ</em></strong></span> <span class='ocrx_word' id='word_1_301' title='bbox 297 4029 414 4104; x_wconf 89' lang='grc' dir='ltr'>κλίσις·</span> <span class='ocrx_word' id='word_1_302' title='bbox 446 4025 609 4111; x_wconf 78' lang='grc' dir='ltr'>ἐμάθομεν</span> <span class='ocrx_word' id='word_1_303' title='bbox 653 4027 668 4100; x_wconf 83' lang='grc' dir='ltr'>έ</span> <span class='ocrx_word' id='word_1_304' title='bbox 692 4029 747 4100; x_wconf 87' lang='grc' dir='ltr'>ὅτι</span> <span class='ocrx_word' id='word_1_305' title='bbox 774 4032 809 4100; x_wconf 89' lang='grc' dir='ltr'>αί</span> <span class='ocrx_word' id='word_1_306' title='bbox 839 4029 1012 4125; x_wconf 89' lang='grc' dir='ltr'>προθέσεις</span> <span class='ocrx_word' id='word_1_307' title='bbox 1037 4028 1122 4112; x_wconf 84' lang='grc' dir='ltr'>μετὰ</span> <span class='ocrx_word' id='word_1_308' title='bbox 1147 4037 1212 4102; x_wconf 89' lang='grc' dir='ltr'>τῶν</span> 
     </span>
    </p>

    <p class='ocr_par' dir='ltr' id='par_1_12' title="bbox 110 4143 1213 4241">
     <span class='ocr_line' id='line_1_36' title="bbox 110 4143 1213 4241; baseline 0.002 -26"><span class='ocrx_word' id='word_1_309' title='bbox 110 4147 270 4216; x_wconf 79' lang='grc' dir='ltr'>ττιέσειυν</span> <span class='ocrx_word' id='word_1_310' title='bbox 288 4145 322 4213; x_wconf 83' lang='grc' dir='ltr'>έν</span> <span class='ocrx_word' id='word_1_311' title='bbox 344 4145 522 4241; x_wconf 88' lang='grc' dir='ltr'>παραθέσει</span> <span class='ocrx_word' id='word_1_312' title='bbox 549 4145 640 4226; x_wconf 80' lang='grc' dir='ltr'>εἰσὶν,</span> <span class='ocrx_word' id='word_1_313' title='bbox 662 4143 748 4228; x_wconf 84' lang='grc' dir='ltr'>μετὰ</span> <span class='ocrx_word' id='word_1_314' title='bbox 766 4144 800 4218; x_wconf 83' lang='grc' dir='ltr'>θέ</span> <span class='ocrx_word' id='word_1_315' title='bbox 817 4151 883 4216; x_wconf 89' lang='grc' dir='ltr'>τῶν</span> <span class='ocrx_word' id='word_1_316' title='bbox 899 4147 1062 4220; x_wconf 83' lang='grc' dir='ltr'>ἇττιθτιον</span> <span class='ocrx_word' id='word_1_317' title='bbox 1086 4148 1118 4217; x_wconf 82' lang='grc' dir='ltr'>ἐν</span> <span class='ocrx_word' id='word_1_318' title='bbox 1140 4177 1213 4217; x_wconf 91' lang='grc' dir='ltr'>συν-</span> 
     </span>
    </p>

    <p class='ocr_par' dir='ltr' id='par_1_13' title="bbox 112 4258 1211 4344">
     <span class='ocr_line' id='line_1_37' title="bbox 112 4258 1211 4344; baseline -0.002 -10"><span class='ocrx_word' id='word_1_319' title='bbox 112 4262 214 4344; x_wconf 80' lang='grc' dir='ltr'>θέσει,</span> <span class='ocrx_word' id='word_1_320' title='bbox 238 4261 390 4338; x_wconf 78' lang='grc' dir='ltr'>ὡσαύτως</span> <span class='ocrx_word' id='word_1_321' title='bbox 411 4259 445 4332; x_wconf 79' lang='grc' dir='ltr'>θέ</span> <span class='ocrx_word' id='word_1_322' title='bbox 469 4261 520 4332; x_wconf 85' lang='grc' dir='ltr'>καί</span> <span class='ocrx_word' id='word_1_323' title='bbox 547 4258 631 4342; x_wconf 79' lang='grc' dir='ltr'>μετὰ</span> <span class='ocrx_word' id='word_1_324' title='bbox 656 4265 723 4332; x_wconf 88' lang='grc' dir='ltr'>τῶν</span> <span class='ocrx_word' id='word_1_325' title='bbox 748 4263 870 4333; x_wconf 76' lang='grc' dir='ltr'>εὐθειῶν</span> <span class='ocrx_word' id='word_1_326' title='bbox 894 4264 926 4332; x_wconf 85' lang='grc' dir='ltr'>έν</span> <span class='ocrx_word' id='word_1_327' title='bbox 949 4261 1094 4334; x_wconf 90' lang='grc' dir='ltr'>συνθέσει</span> <span class='ocrx_word' id='word_1_328' title='bbox 1120 4263 1211 4332; x_wconf 89' lang='grc' dir='ltr'>είσίν·</span> 
     </span>
    </p>

    <p class='ocr_par' dir='ltr' id='par_1_14' title="bbox 111 4375 1259 4550">
     <span class='ocr_line' id='line_1_38' title="bbox 111 4375 1259 4474; baseline 0.001 -27"><span class='ocrx_word' id='word_1_329' title='bbox 111 4375 213 4458; x_wconf 78' lang='grc' dir='ltr'>δῆλον</span> <span class='ocrx_word' id='word_1_330' title='bbox 230 4375 285 4448; x_wconf 83' lang='grc' dir='ltr'>ὅτι</span> <span class='ocrx_word' id='word_1_331' title='bbox 305 4379 323 4457; x_wconf 77' lang='grc' dir='ltr'><em>ἦ</em></span> <span class='ocrx_word' id='word_1_332' title='bbox 341 4376 444 4448; x_wconf 75' lang='grc' dir='ltr'>εὐθεῖα</span> <span class='ocrx_word' id='word_1_333' title='bbox 462 4376 517 4446; x_wconf 89' lang='grc' dir='ltr'>ου’κ</span> <span class='ocrx_word' id='word_1_334' title='bbox 538 4376 612 4448; x_wconf 80' lang='grc' dir='ltr'>ἐστὶ</span> <span class='ocrx_word' id='word_1_335' title='bbox 635 4381 760 4452; x_wconf 87' lang='grc' dir='ltr'>πτῶσις</span> <span class='ocrx_word' id='word_1_336' title='bbox 776 4377 895 4474; x_wconf 87' lang='grc' dir='ltr'>κυρίως·</span> <span class='ocrx_word' id='word_1_337' title='bbox 922 4376 951 4450; x_wconf 85' lang='grc' dir='ltr'>εί</span> <span class='ocrx_word' id='word_1_338' title='bbox 967 4376 1034 4474; x_wconf 78' lang='grc' dir='ltr'>γὰρ</span> <span class='ocrx_word' id='word_1_339' title='bbox 1052 4379 1088 4460; x_wconf 71' lang='grc' dir='ltr'>ἢν</span> <span class='ocrx_word' id='word_1_340' title='bbox 1105 4378 1212 4474; x_wconf 86' lang='grc' dir='ltr'>κυρίως</span> <span class='ocrx_word' id='word_1_341' title='bbox 1224 4407 1259 4466; x_wconf 83' lang='lat'>35</span> 
     </span>
     <span class='ocr_line' id='line_1_39' title="bbox 655 4507 673 4550; baseline 0 0"><span class='ocrx_word' id='word_1_342' title='bbox 655 4507 673 4550; x_wconf 90' lang='lat' dir='ltr'><strong>c</strong></span> 
     </span>
    </p>
   </div>
   <div class='ocr_carea' id='block_1_9' title="bbox 0 0 1496 5022">
    <p class='ocr_par' dir='ltr' id='par_1_15' title="bbox 0 0 1496 5022">
     <span class='ocr_line' id='line_1_40' title="bbox 0 0 1496 5022; baseline 0 1"><span class='ocrx_word' id='word_1_343' title='bbox 0 0 1496 5022; x_wconf 95' lang='lat' dir='ltr'> </span> 
     </span>
    </p>
   </div>
  </div>
 </body>
</html>
