2966 5014
373 331 441 392 ΕΙΣ
461 331 519 392 ΤΟ
541 331 835 392 ΟΝΟΜΑΤΙΚΟΝ.
1102 341 1163 416 175

49 501 122 600 γὰρ
133 499 236 599 ’Ἦρα
252 497 442 595 ἐπιτάξασα
459 501 547 592 αύτῷ
569 497 748 599 διαφόρους
770 497 892 580 ἀθλους
915 497 1047 596 ἔνδοξον
1063 499 1165 580 αύτάν

50 619 267 692 ἀπετέλεσεν.
309 616 411 688 Ἀλλ’
429 618 522 689 ἔστιν
538 619 638 688 εἰπεῖν
654 613 738 715 τράς
753 615 889 694 τούτους
904 617 956 689 καῖ
975 617 1163 704 ἀντιθεῖναι,

50 735 106 808 ὅτι
122 733 172 807 τό
193 735 296 830 ιέχει
322 735 419 832 φύσει
444 731 569 831 μακρὸν
593 731 637 806 τδ
656 730 825 830 Ἥρα,τό
851 731 885 804 δέ
898 732 1072 832 Ἡρακλῆς
1088 736 1163 806 σύν-

52 857 151 924 θετον
167 850 228 935 μέν
244 849 365 947 ἀνέχει
383 848 426 922 τὸ
444 881 464 922 ιι
482 850 606 949 βραχύ,
624 855 724 945 ήγουυ
741 850 829 922 θέσει
851 847 986 950 μακρὸν,
1003 852 1044 930 ἀς
1068 848 1161 950 παρὰ

52 967 240 1064 Θεοκρίτου,
263 971 331 1056 [24‚
352 967 395 1058 1.]
1171 985 1187 1046 5

219 1091 350 1164 Ἠρακλία
364 1091 504 1162 δεκάρηνον
517 1091 601 1160 δόντα,

52 1197 201 1294 ὄφειλον
214 1191 278 1278 ούν,
289 1197 319 1265 εἰ
333 1195 466 1288 ἐγένετο
484 1193 552 1266 ἀτά
569 1201 631 1268 τοῦ
649 1193 761 1294 Ἦρα,
777 1195 796 1280 ή
812 1195 943 1294 τρέψαι
960 1195 1004 1270 τὸ
1021 1229 1042 1270 A
1060 1199 1102 1276 εἷς
1117 1195 1162 1270 τό

55 1344 86 1397 ο,
103 1315 145 1390 ὡς
169 1313 206 1384 έν
225 1315 276 1402 τῷ
297 1309 499 1409 Ἡρόδοτος,
514 1311 722 1410 Ἡρόφιλος,
738 1312 927 1411 Ἡρόδικον,
946 1313 1067 1402 (ταῦτα
1094 1313 1162 1414 γὰρ

55 1426 123 1499 ἀσά
141 1433 209 1500 τοῦ
225 1425 324 1524 Ἥρα
344 1427 511 1520 ἐγένοντο,
528 1427 581 1498 καῖ
598 1424 751 1524 ἔτρεψαν
771 1426 815 1500 τό
839 1459 858 1501 A
881 1432 924 1508 εἷς
939 1428 982 1503 τό
1001 1436 1047 1526 o,)
1065 1430 1083 1515 ή
1101 1437 1166 1530 φυ-

55 1541 164 1638 λάξον
181 1540 227 1615 τό
244 1573 277 1628 A,
289 1542 431 1642 ὤφειλεν
446 1543 659 1626 ἐκτεταμένον
676 1541 757 1616 αύτό
775 1542 935 1642 φυλάξαι.
969 1545 1084 1618 Ἀλλά
1100 1549 1163 1632 μήν
1177 1577 1212 1617 ιο

57 1663 131 1732 ούτε
147 1657 284 1760 ἔτρεφε
299 1658 340 1732 τὸ
359 1690 379 1731 ιι
397 1661 440 1737 εἷς
456 1657 499 1731 τὸ
518 1690 550 1741 ο,
567 1660 644 1730 ούτε
659 1657 825 1756 ἐφύλαξεν
841 1660 923 1733 αύτά
941 1663 1163 1745 ἐκτεταμένον,

58 1778 111 1846 ούκ
142 1775 213 1876 ἄρα
239 1775 331 1848 έστῖν
357 1773 397 1871 έξ
423 1776 525 1848 αύτοῦ
553 1778 571 1858 ή
595 1776 752 1854 σύνθεσις.
797 1776 939 1876 Ἔτεροι
974 1777 1008 1850 δέ
1035 1776 1164 1873 ἀξιοῦσι

58 1894 182 1986 λέγειν,
199 1892 254 1965 δτι
279 1891 371 1990 ταρά
396 1891 440 1964 τό
458 1890 558 1990 Ἦρα
583 1892 636 1964 καῖ
659 1890 703 1964 τό
727 1893 842 1978 ἀκλεής
861 1895 954 1966 έστὶν
971 1899 990 1978 ή
1007 1895 1166 1978 σύνθεσις,

60 2012 155 2082 οῖονεῖ
184 2012 205 2082 ὁ
235 2007 354 2104 ἄδοξος
379 2009 414 2078 έκ
441 2017 501 2092 τῆς
523 2007 649 2106 Ἥρας,
679 2009 761 2080 ὅσον
790 2008 859 2109 γὰρ
889 2009 932 2084 τό
966 2013 1040 2084 κατ’
1067 2012 1172 2094 αύτήν·

59 2125 178 2222 ἄδοξος
212 2125 354 2218 ἐγένετο·
392 2121 529 2218 ἔπεμψε
565 2121 634 2222 γάρ
659 2127 732 2196 κατ’
763 2127 863 2198 ainos,
896 2125 952 2198 δύο
987 2125 1166 2224 δράκοντας
1179 2155 1212 2216 15

62 2246 93 2314 έν
114 2245 186 2336 ὅσῳ
216 2243 290 2315 έστῖ
316 2239 441 2337 μικράς,
465 2241 667 2339 ὀφείλοντας
692 2241 815 2312 ἀνελεῖν
841 2243 952 2315 αύτόν.
1007 2241 1061 2315 Τά
1087 2241 1123 2314 δὲ
1145 2273 1164 2314 A

62 2369 122 2434 τοῦ
154 2361 273 2444 ἀκλεής
298 2361 391 2434 έστῖν
418 2360 457 2430 ού
483 2363 545 2430 τοῦ
565 2356 674 2456 Ἦρα,
705 2355 755 2428 διὸ
788 2358 841 2428 καῖ
875 2361 931 2432 ούκ
960 2361 1036 2434 ἔστι
1067 2360 1166 2459 φύσει

63 2475 199 2574 μακρόν,
221 2477 397 2564 ἀπεβλήθη
425 2471 493 2571 γὰρ
522 2471 565 2545 τό
593 2503 611 2544 A
637 2479 700 2544 τοιῖ
718 2472 828 2572 Ἥρα,
844 2474 957 2576 ὥσπερ
982 2479 1035 2549 καῖ
1060 2479 1093 2552 έν
1114 2479 1167 2571 τῷ

63 2593 274 2692 Ἠραγόρος,
287 2591 356 2664 ἀτό
374 2589 442 2688 γὰρ
458 2596 521 2664 τοῦ
538 2588 637 2687 Ἦρα
654 2590 706 2662 καὶ
724 2596 787 2662 τοῦ
803 2592 930 2692 ἀγόρας
946 2594 1090 2688 ἐγένετο,
1104 2600 1169 2692 φν-

64 2710 250 2806 λαχθέντος
274 2715 337 2780 τοῦ
362 2737 384 2779 A
409 2712 472 2779 τοῦ
499 2704 637 2802 ἀγόρας.
679 2703 792 2778 Ἐστι
822 2705 856 2778 δὲ
882 2709 1056 2780 ἀντιθεῖναι
1083 2709 1216 2808 τρόςιο

67 2827 202 2902 τούτους
217 2826 270 2896 καῖ
288 2827 399 2908 εἰπεῖν,
410 2823 464 2896 δτι
482 2825 512 2893 εῖ
526 2821 658 2916 ἐγένετο
676 2820 745 2894 ἆτά
760 2829 825 2894 τοῦ
841 2823 956 2906 ἀκλεής
973 2827 991 2906 ή
1008 2824 1167 2911 σύνθεσις,

69 2939 153 3013 διατῖ
178 2941 224 3026 μή
249 2939 394 3035 ὀξύνεται
419 2937 463 3011 τδ
476 2937 667 3038 Ἠρακλέης
692 2937 784 3011 ἀλλά
807 2941 994 3038 βαρύνεται·
1019 2941 1072 3012 καὶ
1098 2938 1168 3041 γάρ

71 3059 96 3126 ει’
126 3062 162 3141 ήν
188 3055 232 3129 τὸ
256 3055 445 3154 Ἠρακλέης
473 3053 542 3127 ἀτά
568 3061 631 3128 τοιῖ
663 3057 778 3140 ἀκλεής
811 3057 952 3156 ὤφειλεν
986 3055 1168 3153 ὀξύνεσθαι.

71 3171 207 3258 Ἐπειδὴ
231 3205 331 3246 κανων
348 3204 476 3246 εστινο
499 3171 617 3264 λέγων,
635 3172 689 3244 δτι
712 3171 758 3246 τά
782 3176 824 3252 εἷς
848 3205 890 3246 ιιι
911 3179 1063 3268 λήγοντα
1087 3172 1169 3271 ύτὲρ

71 3289 144 3368 μίαν
168 3289 343 3376 συλλαβήν
368 3283 598 3386 φυλάττουσιν
617 3287 650 3358 έν
671 3293 714 3382 τῇ
741 3291 886 3362 συνθέσει
912 3292 971 3374 τήν
993 3288 1092 3363 τάσιν
1108 3297 1215 3381 τοῦι5

75 3401 192 3490 άτλοά,
209 3402 279 3477 οῖον
301 3404 479 3502 ε’ρασιστής
497 3403 582 3499 (sic),
601 3403 821 3501 ἀρχεραστής,
843 3405 1011 3488 δανειστὴς
1031 3403 1171 3490 μισοδο-

75 3521 207 3605 νειστής,
221 3521 346 3617 εύρετής
362 3520 547 3617 ε’φευρετής,
557 3521 683 3603 ληστής
696 3521 914 3619 ἀρχιλῃστὴς,
928 3521 1051 3618 χρόσης
1068 3524 1173 3616 φιλοε

74 3637 203 3730 χρύσης·
229 3636 337 3727 τούτῳ
367 3632 421 3706 οδν
446 3642 495 3726 τῷ
523 3635 619 3729 λόγῳ
648 3636 700 3706 καῖ
728 3635 772 3707 τά
799 3635 986 3734 Ἡρακλέης
1015 3631 1084 3706 άτδ
1108 3637 1171 3706 τοῦ

76 3749 184 3836 ἀκλεής
211 3750 365 3850 ήρακλεής
392 3749 534 3848 ὤφειλεν
563 3747 641 3823 εἶναι
670 3750 838 3846 ὀξυτόνως.
889 3754 952 3824 Δεῖ
977 3755 1170 3850 προσθεῖναι

77 3867 106 3936 ἐν
120 3875 167 3960 τῷ
193 3868 311 3954 κανόνι,
334 3868 435 3965 χωρὶς
457 3874 518 3939 τοῦ
541 3869 664 3966 κριτής,
685 3867 817 3955 ἀληθής,
841 3875 951 3942 ταῦτα
976 3866 1045 3966 γάρ
1070 3869 1104 3940 έν
1126 3873 1218 3964 τῇ3ο

79 3987 219 4059 συνθέσει
245 3986 442 4084 βαρύνονται
469 3979 550 4070 οῖον,
574 3981 787 4082 δικαιοκρῖτης
814 3986 1040 4084 ὀνειροκρίτης,
1069 3991 1173 4084 φιλο·

79 4103 173 4184 λήθης
196 4105 391 4185 μισαλήθης.
442 4097 528 4171 Ἰδοὺ
544 4105 652 4172 ταῦτα
669 4100 701 4172 έν
714 4107 759 4194 τῇ
774 4101 920 4172 συνθέσει
937 4102 1175 4200 έβορύνθησαν,

80 4216 126 4287 καῖ
142 4221 198 4290 ούκ
214 4215 384 4316 ἐφύλαξαν
400 4216 461 4299 τήν
477 4213 577 4287 τάσιν
593 4223 654 4288 τοῦ
679 4219 803 4303 ἁπλοῦ,
820 4217 905 4315 φημῖ
925 4216 962 4300 δή
979 4219 1039 4300 τήν
1055 4215 1172 4311 ὀξεῖαν.

84 4329 283 4432 Πρόσκειται
311 4335 343 4405 έν
368 4339 416 4426 τῷ
446 4332 553 4404 κανόνι
584 4338 606 4374 “
620 4329 701 4430 ὑπὲρ
726 4333 804 4416 μίαν
831 4334 1021 4421 συλλαβήν”
1052 4330 1105 4404 διά
1130 4333 1175 4406 τά

86 4445 641 4548 ΚρῆνΈτθρύκρηι(Έτεοκρ.),καύ
650 4447 858 4541 ΓνῆςἼγνης.
873 4448 1040 4540 (Ἴγνητες
1049 4447 1176 4520 δέεῖσῖν
1185 4477 1221 4538 35
