2954 5020
20 347 68 432 Ιρα.
80 348 115 414 α’.
403 352 407 367 '
442 357 509 416 ΕΙΣ
531 355 587 417 ΤΟ
609 355 901 417 ΟΝΟΜΑΤΙΚΟΝ.
1181 371 1219 432 71

123 522 315 610 ελάππονος,
338 523 472 609 ἇμείνιον
494 524 669 609 ἆμείνονος,
694 524 844 622 βραχίων
866 525 1057 622 βραχίονος,
1080 525 1149 598 ιίτε
1168 525 1223 597 ἐπί

122 647 182 712 τοί
205 646 419 738 ουγκριτικοῦ
444 647 507 714 τοῦ
532 641 751 726 σημαίνοντος
776 638 819 712 τδ
842 639 966 738 βραχὺ,
992 639 1060 712 είτε
1083 641 1137 712 έπί
1163 647 1225 713 τοῦ

121 755 237 852 μέρους
259 761 323 827 τοῦ
344 757 508 839 σώματος,
526 753 598 828 οὐδὲ
621 753 690 854 γάρ
716 755 861 849 λέγομεν
880 753 1032 853 βραχιιδν
1055 752 1224 850 ὀξυτόνως,

121 871 161 947 ὡς
176 870 337 963 λέγουσιν
352 871 386 941 έν
401 876 444 965 τῇ
463 873 623 964 συνηθείᾳ,
641 869 732 944 ἄλλά
749 871 900 970 βραχίων
916 870 1114 970 βαρυτάνως.

171 983 230 1056 Τά
264 989 308 1063 είς
337 1015 383 1058 ου
416 985 544 1085 καθαρά
572 989 754 1086 βαράτονα,
781 987 905 1085 ἔχοντα
939 986 1091 1086 δίχρονον
1119 989 1152 1061 έν
1180 993 1250 1085 τῇς

122 1103 376 1200 παραληγοίσρ,
394 1104 423 1174 εί
437 1101 496 1187 μὲν
512 1105 686 1175 ι’κτείνουσι
707 1102 750 1177 τά
768 1103 931 1203 δίχρονον,
947 1105 1108 1203 πρέπουσι
1132 1103 1176 1178 πδ
1202 1135 1224 1178 α

123 1221 166 1296 είς
189 1216 235 1290 τδ
260 1249 279 1288 ο
305 1219 340 1290 έν
363 1223 406 1313 τῇ
433 1222 555 1315 γενικῇ,
577 1215 646 1291 οίον
674 1217 828 1318 Μαχάων
856 1216 1052 1316 Μαχάονος,
1071 1217 1226 1292 Ἰκετάων

120 1330 318 1421 Ἱκετάονος,
360 1333 530 1433 Ἀριτάων
565 1333 781 1434 Ἀρεπάονος,
827 1334 985 1434 Ἀμφίων
1026 1333 1225 1434 Ἀμφίονος,

121 1451 285 1550 Ὑπερίων
306 1451 509 1548 Ὑπερίονος,
536 1451 697 1544 (σημαίνει
724 1452 759 1526 δὲ
784 1451 846 1526 πδν
868 1451 949 1551 ὑπὲρ
979 1453 1060 1537 ἡμᾶς
1085 1451 1226 1524 ἀνατέλ-

122 1569 258 1660 λοντα,)
277 1563 403 1664 Ἐχίων
421 1567 588 1665 Ἐχίονος,
605 1569 736 1640 Δολίων
754 1569 926 1653 Δολίονες,
943 1564 1055 1639 ὀπάων
1072 1563 1225 1652 ὀπάονας,
1239 1603 1274 1644 ιο

123 1685 156 1772 (ὁ
185 1682 391 1772 άκάλουθος,)
419 1684 492 1755 κίων
508 1685 622 1768 κίονος,
643 1685 724 1756 πίων
743 1685 867 1770 πίονος,
891 1683 924 1774 (ὁ
940 1681 1105 1780 λιπαρδς,)
1124 1683 1226 1782 πρίων

122 1800 268 1898 πρίονος·
293 1801 322 1870 εί
344 1795 378 1870 δὲ
399 1799 625 1872 συστέλλουσι
650 1797 694 1872 πδ
716 1798 880 1897 δίχρονον,
901 1795 1115 1897 φυλάττουσι
1137 1795 1180 1871 πδ
1203 1829 1225 1870 α

123 1917 155 1986 έν
170 1921 216 2010 τῇ
244 1919 363 2009 γενικῇ,
381 1911 451 1986 οίον
476 1914 617 1988 Ἠετίων
642 1911 829 2000 Ἠετίωνος,
856 1915 1074 2014 Ἀμφιτρύων
1094 1913 1227 2015 Ἀμφι-

122 2032 275 2128 τρίιινος,
298 2029 468 2128 Εὐρυτίων
493 2029 709 2130 Εὐρυτίωνος,
732 2027 943 2130 Ἠλεκτρυιδν
969 2031 1225 2130 Ἠλεκτρυῶνος,

124 2145 341 2246 Εδρυθαλίων
369 2145 630 2243 Εὐρυθαλίωνος,
656 2147 824 2246 Μοσχίων
853 2147 1067 2245 Μοσχίωνος,
1093 2147 1272 2246 ‘Htw-15

124 2263 226 2334 σπίων
263 2261 529 2359 Ἡφαιστίωνος,
563 2261 745 2349 Ἐνδυμίων
784 2261 1010 2349 Ἐνδυμίωνος,
1042 2263 1227 2363 Ἀστερίων

124 2377 358 2474 Ἀστερίωνος.

174 2493 234 2566 Τὰ
259 2495 303 2572 είς
325 2523 370 2565 nn
394 2497 547 2588 λήγοντα
572 2495 718 2569 καθόλου
736 2493 888 2594 άρσινικά
912 2494 1102 2585 δισύλλαβα
1124 2498 1228 2596 βαρά-

125 2641 206 2684 τονα
223 2609 370 2709 βραχείᾳ
393 2611 654 2708 παραληγόμενα
671 2610 724 2684 διά
740 2619 803 2685 τοῦ
819 2643 840 2683 ο
853 2613 1007 2696 κλίνεται,
1024 2609 1094 2684 οίον
1110 2613 1227 2686 Καίων

127 2727 292 2813 Καάωνος,
308 2723 406 2798 Φάων
422 2724 564 2811 Φάωνος,
582 2727 676 2800 Νέων
693 2727 834 2816 Νέωνος,
851 2729 941 2800 θέων
958 2728 1092 2812 Θέωνος,
1110 2728 1227 2801 Κλέων
1238 2759 1276 2799 ιο

127 2845 293 2926 Κλέωνος,
309 2841 389 2914 Ἴων
406 2842 529 2923 Ἴωνος.
563 2843 617 2917 Τδ
636 2845 750 2945 Κρέων
767 2845 942 2944 Κρέωντος
959 2843 1170 2943 (Κρέοντος),
1187 2847 1228 2924 ὡς

128 2957 318 3058 μετοχικὸν,
347 2956 399 3031 διά
428 2967 491 3033 τοῦ
520 2989 563 3032 m·
596 2960 751 3034 κλίνεται·
778 2961 854 3060 περὶ
890 2959 925 3033 δέ
952 2965 1018 3033 τῶν
1046 2965 1228 3059 μετοχικῶν

55 3079 87 3140 ⁶1
102 3074 287 3176 Βίσπεερον
302 3078 445 3174 ἐροῦμεν.
493 3075 547 3149 Τδ
565 3075 599 3149 δὲ
614 3077 697 3149 λέων
712 3077 858 3163 λέοντος,
875 3078 915 3155 ὡς
936 3077 1016 3176 ἔχον
1033 3076 1169 3162 θηλυκὸν
1184 3075 1227 3151 τά

126 3196 254 3280 λέαινα,
270 3191 323 3265 διά
338 3199 402 3265 τοῦ
418 3223 461 3266 υτ
477 3196 632 3280 κλίνεται,
649 3194 766 3280 ὁμοίως
787 3190 831 3267 τά
849 3191 997 3292 θεράπων
1014 3189 1229 3292 θεράποντος,

126 3311 182 3384 ὅτι
197 3310 254 3418 1ιραί
273 3305 464 3408 θεράπαινα.
1239 3335 1274 3398 25

176 3423 236 3498 Τά
249 3428 293 3504 είς
303 3455 347 3497 uu
360 3424 488 3525 καθαρά
506 3424 696 3516 δισιίλλαβα
713 3423 866 3525 άρσενικδι
883 3426 1064 3524 βαρίτονα,
1078 3427 1107 3496 εί
1122 3425 1229 3522 ἔχοιεν

127 3541 194 3642 πρὸ
211 3541 329 3620 τέλους
344 3542 442 3639 φάσει
459 3539 596 3638 μακράν,
610 3538 805 3640 συγκριτικὰ
823 3541 913 3622 ὄντα,
927 3536 1015 3610 πολὺ
1029 3537 1064 3610 δὲ
1080 3539 1184 3609 πλέον
1201 3541 1230 3610 εί

125 3661 179 3732 καί
196 3657 289 3730 ἅλλα
305 3659 342 3730 τί
358 3658 415 3742 ε’ίη,
432 3655 485 3729 διά
501 3663 563 3730 τοῦ
590 3689 609 3729 ο
635 3657 790 3739 κλίνεται,
808 3651 877 3727 οίον
893 3651 981 3726 λάων
997 3649 1126 3737 λάονος,
1143 3651 1229 3754 ῥάων

125 3773 254 3872 ῥάονος,
267 3773 387 3846 πλείων
403 3774 565 3858 πλείονος,
581 3771 676 3858 μείων
691 3772 828 3857 μείονος,
846 3770 964 3844 Μαίων
981 3769 1142 3858 Μαίονος,

209 3949 857 4028 ωωωυιμωοαωκυαίουὸωπεοίυι·
944 3953 1126 4034 ΙΠανὶ)
1238 3981 1278 4039 ³0

128 4114 200 4185 κίων
215 4113 332 4195 κίονος,
348 4111 458 4209 πράην
475 4110 550 4207 (sic)
567 4109 723 4206 πράωνος,
741 4111 760 4192 ἧ
777 4107 962 4208 άκράρριια.

178 4226 236 4302 Τά
263 4229 307 4306 είς
328 4257 374 4300 αιι
394 4231 548 4322 λήγοντα
570 4226 725 4313 καθόλου,
742 4223 822 4323 ὑπὲρ
847 4224 902 4298 δίο
920 4220 1095 4312 συλλαβάς
1119 4227 1230 4320 μακρᾷ

130 4344 404 4442 ταραληγδμινα,
421 4341 473 4416 διά
490 4349 552 4416 ποῦ
575 4375 594 4416 ο
619 4344 796 4428 κλίνονται,
813 4338 883 4416 οίον
901 4340 1036 4426 Παιήων
1053 4338 1228 4424 Παιήονος,

133 4459 325 4560 Προπριὶιιν
342 4459 572 4558 Προπρῆονος.
