2966 5014
400 300 466 359 ειν
488 299 544 360 το
566 299 860 360 οαοιυκτικοιυ.
1116 295 1174 378 187

110 465 343 564 Προστίθησι
370 463 405 538 δέ
429 467 448 537 ὁ
470 467 629 564 τεχνικός,
647 479 668 510 “
682 465 737 539 Τὰ
759 468 792 539 έν
811 476 883 546 τοῖς
908 471 1055 550 θηλυκοῖς
1078 497 1177 552 σεση-

43 582 230 667 μειωμένα
251 580 392 679 ῦστερον
407 583 572 680 έροῦμεν.”
614 581 698 654 Eia}
716 581 750 655 δέ
765 589 885 667 ταῦτα,
902 579 1076 680 Χάρυβδις
1099 581 1177 653 Χα-

46 697 218 796 ρύβδιος,
244 693 366 795 Σιίρδις
391 695 545 796 Σάρδιες.
593 697 711 772 Ταῦτα
743 697 811 798 γὰρ
838 700 893 770 οῦκ
921 699 1097 782 έκλίθησαν
1123 696 1175 770 διὰ

47 822 124 887 τοῦ
155 845 235 902 on,
257 813 310 886 διὰ
337 815 396 898 τὴν
421 817 634 914 κακοφωνίαν·
673 817 841 913 εῦρίσκετο
864 811 932 912 γὰρ
958 811 1177 897 ἀλλεπάλλη-

48 942 123 1003 λον
143 928 197 1003 τὸ
214 961 246 1017 Δ,
263 931 347 1028 ὅπερ
363 932 438 1002 ἐστὶ
455 933 654 1030 κακόφωνοι.
698 931 841 1008 Τοῦτοις
866 930 1065 1014 ἠκολούθησε
1089 927 1202 1008 κατᾶ5

48 1049 122 1131 τὴν
163 1049 276 1120 κλίσιν
308 1048 361 1118 καί
396 1045 439 1120 τὸ
474 1045 627 1145 Τρείλλις
661 1043 843 1145 Τράλλιος·
886 1048 960 1118 ἔστι
1000 1045 1035 1118 δὲ
1072 1047 1175 1129 ὄνομα

51 1165 203 1241 πόλεως
216 1161 361 1247 Ἰωνικῆς.
389 1162 477 1236 Ἔτι
494 1163 711 1246 σεσημείωται
728 1159 840 1234 καὶτὸ
858 1159 993 1255 Σκῦψις
1010 1158 1174 1256 Σκήψιος,

53 1281 115 1351 καὶ
148 1277 199 1352 τδ
224 1277 435 1374 Ἐπίσκηψις
460 1276 702 1372 Ἐπισκὴψιας,
729 1277 892 1372 (ὀνόματα
918 1277 953 1350 δέ
978 1279 1040 1350 εἰσί
1065 1285 1175 1351 ταῦτα

54 1397 205 1467 πόλεων
226 1395 402 1494 Τρωϊκῦν,)
428 1397 479 1467 καί
506 1393 549 1467 πδ
577 1392 729 1492 Λάχεσις
755 1393 937 1493 Λαχέσιος,
962 1395 1015 1466 καί
1040 1393 1083 1468 τδ
1106 1394 1176 1466 Νέ-

56 1544 167 1596 μεσις
194 1511 367 1596 Νεμέσιος,
393 1511 445 1582 καί
473 1509 517 1583 τδ
547 1509 743 1594 Ἐπίκτησις
772 1511 1004 1600 Ἐπικτῆσιος,
1032 1511 1109 1606 (εἶσί
1140 1511 1174 1586 δέ
1187 1542 1223 1582 ια

57 1635 183 1700 ταῦτα
201 1629 348 1712 ὀνόματα
363 1629 481 1725 κύρια)
498 1632 606 1699 ταῦτα
629 1626 663 1698 δέ
680 1625 733 1698 διὰ
748 1631 892 1725 καθαροῦ
908 1634 971 1700 τοῦ
987 1659 1028 1700 οι
1050 1629 1175 1700 κλίνον·

59 1775 138 1828 ται,
158 1745 213 1815 καί
232 1745 268 1815 οῦ
286 1742 338 1815 διὰ
360 1749 422 1815 τοῦ
444 1773 518 1827 Δον,
544 1741 652 1825 ἐπειδὴ
677 1748 784 1815 ταῦτα
809 1744 900 1840 κύρια
926 1743 1007 1815 ὄντα
1032 1746 1174 1841 ὡμοφιῦ-

61 1891 176 1942 νησαν
192 1869 263 1937 τοῖς
283 1868 550 1958 προσηγαρικοῖς,
568 1857 620 1928 καί
640 1858 699 1941 την
715 1863 781 1930 τῶν
797 1865 1050 1959 προσηγορικῶν
1065 1861 1174 1932 κλίσιν

62 1973 279 2069 ἀνεδέξαντο.
324 1973 378 2045 Τὸ
396 1973 464 2072 γὰρ
481 1971 608 2067 σκῆψις
624 1975 769 2058 σημαίνει
795 1975 855 2058 την
876 1975 1063 2073 πρόφασιν,
1079 1975 1121 2048 τδ
1140 1975 1174 2048 δέ

65 2090 257 2185 έπίσκηψις
273 2091 333 2174 την
349 2091 597 2187 παραγγελίαν,
613 2089 656 2162 τδ
674 2089 708 2162 δὲ
723 2091 890 2174 έπίκτησις
915 2089 957 2163 τδ
978 2097 1174 2175 πλεονεκτὴ-
1184 2118 1220 2180 15

65 2211 212 2290 σασθαι,
242 2205 285 2278 τὸ
316 2205 351 2278 δὲ
383 2204 523 2304 λέχεσις
555 2203 615 2278 τδν
648 2214 779 2304 κλῆρον,
813 2205 855 2279 τδ
890 2205 925 2278 δέ
958 2207 1082 2291 νέμεσις
1113 2209 1174 2292 τὴν

68 2319 292 2416 καπιίγνωσιν,
309 2328 408 2416 ἤγουν
423 2323 483 2406 τὴν
499 2321 642 2416 μέμψιν.
688 2321 838 2400 Εἰκότως
855 2321 908 2394 οῦν
924 2321 969 2396 τὰ
986 2324 1077 2422 κῦρια
1094 2325 1176 2408 ὁμο-

69 2441 286 2532 φωνῆσαντα,
304 2441 344 2516 ὡς
368 2439 503 2535 ε’ίρηται,
526 2449 597 2516 τοῖς
621 2450 880 2538 προσηγορικοῖς
903 2439 955 2511 καί
981 2441 1040 2524 την
1065 2441 1175 2512 κλίσιν

71 2554 191 2636 αὐτῶν,
205 2554 290 2650 φημὶ
309 2553 345 2637 δὴ
362 2559 427 2625 τῶν
440 2560 700 2652 προσηγορικῶν,
715 2554 917 2650 ἀνεδέξαντο,
934 2557 986 2628 καί
1005 2555 1056 2628 διὰ
1073 2559 1175 2628 καθα-

72 2676 134 2762 ροῦ
158 2673 223 2740 τοῦ
246 2697 286 2739 ox
307 2669 481 2752 έκλίθησαν
505 2671 623 2752 ὁμοίως
647 2681 719 2746 τοῖς
741 2682 1008 2767 προσηγορικοΐς.
1061 2671 1116 2742 Τὰ
1139 2671 1222 2743 δέαο

74 2782 309 2883 προσηγορικὰ
332 2790 396 2857 τῶν
418 2787 460 2862 είς
487 2815 519 2857 12
543 2783 595 2857 διὰ
618 2789 763 2882 καθαροῦ
785 2791 848 2856 τοῦ
873 2815 913 2856 οε
936 2785 1100 2858 κλίνονται
1123 2791 1173 2877 τῷ

75 2901 184 2972 κανόνι
200 2908 262 2972 τοῦ
278 2901 356 2999 ὄφις
372 2901 480 2999 ὄφιος,
498 2901 534 2974 ὃν
550 2901 716 2985 μέλλομεν
733 2901 765 2972 έν
780 2911 852 2979 ταῖς
868 2899 940 2996 ἑξῆς
956 2901 1076 2995 λέγειν.
1119 2900 1174 2974 Τδ

16 3016 62 3100 9b
78 3014 112 3086 δέ
129 3014 243 3117 ζεῦξις,
261 3017 348 3100 ἡνίκα
365 3017 423 3101 μέν
439 3019 686 3117 προσηγορικόν
703 3020 787 3101 ε’στι,
805 3015 856 3090 διὰ
876 3021 1021 3115 καθαροῦ
1044 3023 1106 3090 τοῦ
1132 3048 1172 3089 ατ

76 3135 233 3216 κλίνεται,
257 3130 326 3205 οίον
349 3131 451 3234 ζεῦξις
473 3131 605 3234 ζεῦξιος,
631 3135 718 3216 ἡνίκα
745 3133 779 3206 δέ
803 3135 910 3233 κῦριον
935 3135 1019 3218 ἐστὶ,
1038 3134 1090 3207 διὰ
1112 3141 1174 3207 τοῦ

76 3277 135 3321 και
170 3250 325 3334 κλίνεται,
359 3247 429 3321 οἷον
462 3247 572 3344 Ζεῦξις
598 3248 756 3344 Ζεύξιδος.
800 3249 924 3345 Ἀξιαν
957 3251 991 3322 δὲ
1021 3249 1172 3351 ζητῆσαι,
1183 3271 1218 3331 ²5

77 3363 164 3438 διαπί
181 3365 294 3465 ὥσπερ
306 3363 350 3439 τδ
365 3363 505 3464 λαίχεσις
516 3367 569 3437 καί
586 3363 628 3438 τῦ
642 3375 703 3449 σκῆ
743 3398 769 3444 ις
784 3367 837 3437 καί
852 3365 897 3438 τὰ
910 3367 1019 3450 ὅμοια,
1036 3369 1174 3463 ὁμοφω·

78 3485 220 3562 νῆσαντα
245 3492 316 3560 τοῖς
341 3491 608 3582 προσηγορικοῖς,
630 3482 691 3564 τὴν
715 3483 814 3566 αὐτὴν
837 3481 947 3552 κλίσιν
968 3479 1173 3574 ἀνεδέξαντο,

78 3599 127 3669 καί
146 3596 200 3670 διὰ
216 3603 360 3697 καθαροῦ
383 3605 446 3673 τοῦ
464 3630 502 3670 02
526 3598 711 3683 ίκλίθησαυ,
728 3597 772 3682 μη
793 3598 845 3668 καὶ
869 3595 913 3669 τῦ
930 3593 1041 3692 Ζεῦξις
1063 3593 1174 3690 Ζεύξι-

79 3711 140 3798 δος,
157 3717 378 3814 ῦμοφωνῆσαν
399 3721 448 3808 τῷ
472 3718 708 3813 προσηγορικῷ
724 3717 742 3796 ἡ
759 3710 862 3813 ζεῦξις
884 3721 942 3796 τῆς
965 3709 1096 3812 ζεῦξιος,
1113 3715 1174 3797 την

78 3839 137 3903 τοῦ
154 3839 401 3930 προσηγορικοῦ
418 3833 526 3904 κλίσιν
543 3827 732 3926 ἀνεδέξατο,
749 3829 801 3900 καί
820 3825 871 3900 διὰ
888 3833 1033 3928 καθαροῦ
1048 3837 1111 3902 τοῦ
1132 3856 1221 3914 0130

79 3945 186 4031 ε’κλίθη
212 3949 327 4032 ὁμοίως
347 3955 396 4041 τῷ
422 3951 669 4048 προσηγορικῷ.
712 3945 782 4016 Καί
808 3946 900 4017 ἔστιν
922 3945 1034 4033 είπεῖυ,
1051 3945 1106 4018 ὅτι
1127 3945 1172 4018 τδ

82 4059 231 4162 Λιίχεσις
263 4065 315 4135 καί
341 4063 384 4137 τδ
414 4061 558 4158 Σκῦψις,
585 4063 637 4134 καί
661 4059 706 4134 τὰ
735 4061 834 4145 ὅμοια
860 4062 961 4160 κύρια,
986 4068 1049 4133 τοῦ
1073 4065 1174 4133 αῦτοῦ

82 4179 187 4268 γένους
215 4177 295 4248 είσίν
324 4179 448 4255 οῦτινας
477 4179 539 4249 είσὶ
569 4177 622 4248 καὶ
651 4173 696 4247 τὰ
726 4173 969 4274 πρασηγορικᾶ·
1009 4177 1074 4246 ὅλα
1104 4173 1172 4275 γὰρ

82 4289 196 4374 θηλυκὰ
226 4292 300 4363 εἶσί·
334 4291 378 4366 τὸ
403 4293 437 4366 δὲ
462 4291 570 4389 Ζεῦξις
599 4290 642 4365 τδ
669 4292 775 4390 κύριον
800 4294 855 4364 οῦκ
881 4293 956 4364 ἔστι
983 4298 1046 4363 τοῦ
1074 4293 1174 4364 αῦτοῦ

81 4408 184 4498 γένους
201 4407 301 4506 αῦπερ
317 4409 369 4480 καί
386 4407 429 4482 τδ
446 4408 693 4508 προσηγαρικόν
709 4409 796 4481 έστι.
835 4406 887 4480 Τδ
905 4406 963 4493 μέν
980 4405 1049 4506 γὰρ
1066 4408 1218 4503 κῦριαν35

580 4521 671 4590 nb2
