2966 5014
297 311 358 380 188
587 318 789 380 ΓΕΩΡΓῙΟΎ
811 317 1105 378 ΧΟΙΡΟΒΟΣΚΟΎ
1420 314 1461 373 Ka

296 482 463 582 ἀρσενικόν
484 485 589 569 ἐστίν,
606 485 675 556 οἶον
700 488 719 556 ὁ
743 483 864 580 Ζεῦξις,
881 485 926 556 τὸ
943 484 977 556 δὲ
994 485 1247 584 προσηγορικὸν
1264 487 1416 569 θηλυκόν

296 602 400 686 ε’στίν,
418 597 522 683 οίονῆ
543 599 658 700 ζεῦξις.
700 601 841 686 Ἐπειδίη
867 601 921 674 οῦν
947 599 1105 696 διήλλαξε
1127 603 1202 700 περί
1228 601 1275 674 τό
1300 605 1418 696 γένος,

297 718 426 795 εἰκότως
443 719 495 788 καί
518 720 593 816 περὶ
616 721 676 802 τὴν
697 721 806 792 κλίσιν
830 717 997 812 διήλλαξε.
1041 718 1161 790 Ταῦτα
1187 717 1247 800 μέν
1273 719 1309 789 έν
1335 719 1421 790 τού-

295 863 377 912 τοις.
422 830 475 904 Τδ
494 833 528 904 δέ
544 833 622 911 Ξόίς
647 832 746 912 Ξόϊος
770 835 822 905 καί
850 835 929 913 Σόῖς
956 835 1056 912 Σόϊος
1080 835 1133 904 καί
1151 833 1258 916 Θμόΐς
1276 834 1419 916 θμόῖας

296 950 347 1019 καί
375 949 539 1031 Ταμίαθις
565 946 750 1032 Ταμιάθιος
777 949 926 1032 ὀνόματα
954 950 1018 1021 είσί
1041 948 1170 1020 πόλεων
1190 948 1442 1041 Αίγινπτίων,5

296 1064 348 1134 καί
373 1065 495 1135 τούτου
518 1061 616 1161 χάριν
634 1062 685 1135 διά
708 1069 853 1163 καθαροῦ
877 1071 938 1138 τοῦ
964 1093 1005 1135 os
1030 1065 1207 1136 κλίνονται.
1253 1061 1313 1134 Τά
1341 1063 1420 1160 γὰρ
1475 1057 1476 1090 ³

297 1183 340 1258 είς
363 1211 394 1251 12
420 1181 568 1265 ὀνόματα
585 1179 761 1275 Αἰγύπτια
787 1186 827 1260 ὡς
852 1183 906 1254 ε’πί
930 1180 974 1253 τὸ
996 1189 1161 1252 πλεῖστον
1183 1178 1237 1252 διά
1258 1184 1418 1276 καθαροῦ

297 1303 359 1368 τοῦ
376 1327 415 1368 οε
433 1298 610 1382 κλίνονται,
627 1301 667 1374 ὡς
683 1299 736 1369 έπί
754 1304 820 1370 τῶν
838 1297 1094 1396 τρολεχθέντων
1112 1292 1416 1392 παραδειγμάτων.
1475 1327 1476 1376 3

298 1412 505 1509 Πρόσκειται
525 1415 595 1488 *ιὼς
618 1414 671 1483 ἐπὶ
696 1411 739 1484 τὸ
756 1415 950 1496 πλεῖστον,”
968 1411 1020 1484 διὰ
1036 1409 1079 1484 τό
1098 1411 1243 1508 Μέμφις
1260 1411 1417 1506 Μέμφι·
1475 1465 1476 1474 ι

298 1525 361 1610 δας,
379 1525 430 1598 καί
449 1527 604 1624 Βούσιρις
621 1527 828 1626 Βουσίριδος·
853 1536 962 1600 ταῦτα
979 1525 1047 1622 γάρ
1062 1527 1211 1609 ὀνόματα
1223 1524 1414 1619 Αἰγύπτια
1427 1527 1476 1588 1οῘ

298 1643 452 1725 είσίν,καί
470 1642 554 1727 ὅμως
572 1641 623 1714 διά
640 1649 702 1715 τοῦ
718 1674 780 1714 ουκ
797 1645 975 1716 κλίνονται.
1003 1642 1057 1715 Τὸ
1071 1642 1105 1714 δὲ
1119 1639 1306 1738 Μέμφιδος
1323 1643 1414 1738 εἴρη-

298 1791 355 1832 ται
373 1756 465 1858 παρά
479 1791 550 1831 τισι
567 1760 619 1830 καί
638 1759 800 1858 Μέμφιος
817 1762 873 1832 οῦκ
886 1761 1038 1857 ἀκριβῶς.
1066 1757 1120 1830 Τδ
1134 1757 1167 1830 δέ
1180 1757 1413 1855 Χρυσόπολις

300 1873 539 1971 Χρυσαπόλιος
556 1876 608 1946 καί
627 1875 845 1954 Καλλίπολις
859 1873 1096 1951 Καλλιπόλιος
1114 1871 1166 1945 διδ
1179 1877 1330 1971 καθαροῦ
1344 1878 1413 1946 τοῦ

301 2019 341 2060 ox
366 1991 546 2077 κλίνονται,
571 1991 679 2074 ἐπειδὴ
700 1990 746 2062 τά
774 1989 866 2090 παρὰ
891 1989 934 2062 τδ
960 1990 1059 2066 πόλις
1085 1991 1240 2074 σύνθετα,
1266 1988 1324 2061 ε’ἀν
1348 1989 1410 2075 μὲν

300 2109 439 2190 θηλυκοῦ
459 2107 560 2191 μόνου
580 2107 689 2199 γένους
715 2109 882 2200 γένωνται,
910 2108 970 2189 τὴν
992 2113 1055 2178 τοῦ
1076 2110 1188 2178 ἁπλοῦ
1207 2107 1320 2179 κλίσιν
1343 2113 1453 2206 φιν-15

299 2219 477 2304 λόττουσι,
493 2225 653 2296 τουτέστι
671 2222 722 2294 διά
743 2229 887 2322 καθαροῦ
911 2229 973 2294 τοῦ
996 2252 1036 2294 02
1058 2225 1235 2305 κλίνονται,
1253 2219 1327 2296 οἷον
1342 2223 1412 2296 πό-
1475 2265 1476 2274 ¹

300 2345 351 2414 λις
364 2339 493 2422 πόλιος,
503 2339 685 2435 ἀκρόπολις
697 2341 908 2437 ἀκροπόλιος,
922 2339 1139 2416 Καλλίπολις
1153 2337 1409 2420 Καλλιπόλιος,
1475 2341 1476 2432 5

300 2449 521 2547 Χρυσόπολις
531 2452 781 2548 Χρυσοπόλιος,
791 2455 1007 2553 Ἀμφίπολις
1020 2453 1265 2552 Ἀμφιπόλιος,
1278 2455 1411 2552 μητρό-

300 2574 398 2644 πολις
426 2568 663 2665 μητροπόλιος,
693 2569 880 2649 Νικόπολις
909 2571 1125 2648 Νικοπόλιος·
1156 2567 1211 2641 έάν
1240 2569 1276 2641 δὲ
1304 2572 1411 2668 ἀρσε-
1475 2577 1476 2622 3

300 2688 386 2755 νικοῦ
401 2683 502 2768 μόνου
520 2685 629 2778 γένους
642 2686 809 2779 γένωνται,
827 2687 845 2770 ίη
863 2687 1034 2784 ἀρσενικοῦ
1049 2687 1102 2756 καί
1115 2690 1263 2768 θηλυκοῦ,
1277 2683 1330 2757 διά
1343 2692 1410 2758 τοῦ
1421 2705 1452 2745 ²0
1475 2745 1476 2790 1

300 2829 360 2872 on
386 2801 563 2873 κλίνονται·
591 2801 760 2899 ἀρσενικοῦ
784 2801 842 2886 μὲν
868 2803 992 2895 γένους,
1019 2803 1088 2874 οἷον
1113 2804 1132 2873 ὁ
1160 2802 1318 2880 Σύνταλις
1343 2807 1409 2878 τοῦ
1475 2797 1476 2836 ί

301 2915 507 3000 Σωπόλιδος,
533 2918 620 3004 (ἔστι
649 2917 683 2989 δέ
711 2919 813 3003 ὄνομα
842 2923 1006 3014 κωμικοῦ,)
1036 2921 1055 2989 ὁ
1085 2917 1319 3012 Ἀγησίπολις
1343 2925 1409 2990 τοῦ
1475 2937 1476 2970 ¹

298 3030 575 3123 Ἀγησιπόλιδος·
591 3032 678 3124 (ἔστι
691 3032 725 3106 δέ
735 3035 837 3117 ὄνομα
848 3040 910 3106 τοῦ
923 3041 1121 3132 στρατηγοῦ
1132 3040 1196 3106 τῶν
1207 3033 1407 3119 Ἀθηναίων·

300 3153 404 3218 τοῦτο
441 3145 528 3218 έκαί
550 3146 798 3242 Ἀγησιπόλιος
823 3148 952 3248 εῦρηται
979 3152 1207 3248 παραλόγως)
1233 3151 1409 3248 ἀρσενικοῦ
1475 3209 1476 3212 ¹

322 3258 337 3332 ὲ
365 3261 417 3332 καί
441 3265 588 3349 θηλυκοῦ,
616 3261 685 3335 οίον
711 3267 730 3335 ὁ
755 3266 948 3364 φυγόπολις
974 3267 1026 3336 καί
1056 3270 1075 3348 5
1105 3266 1310 3363 φυγόπολις,
1343 3273 1447 3349 τοῦι5

302 3377 535 3477 φυγοπόλιδος
560 3382 611 3451 καί
637 3389 695 3462 τῆς
720 3381 964 3479 φυγοπόλιδος,
990 3385 1009 3452 ὁ
1035 3380 1156 3460 ἄπολις
1185 3380 1238 3452 καί
1266 3385 1285 3464 5
1319 3381 1409 3455 άπα-
1475 3367 1476 3382 ³

302 3503 363 3578 λις,
380 3501 443 3567 τοῦ
458 3495 617 3576 ἀπόλιδας
634 3497 685 3568 καί
703 3505 761 3580 τῆς
777 3496 947 3575 ἀπόλιδας.
989 3497 1106 3570 Ταῦτα
1123 3496 1181 3582 μέν
1197 3499 1230 3568 έν
1248 3499 1393 3576 τούτοις.

191 3638 286 3686 Ιιοα
351 3611 480 3683 ’Ῑστέαν
506 3611 539 3684 δέ
561 3614 613 3684 ὅτι
637 3621 825 3697 σημειοῦται
851 3615 995 3712 ὁὮρος
1017 3614 1106 3684 καὶὸ
1132 3611 1309 3712 Ἀρκάδιος
1329 3614 1406 3687 τινά

303 3727 345 3801 είς
363 3755 395 3796 ια
412 3728 503 3824 κύρια
520 3729 667 3812 ὀνόματα
686 3728 737 3802 διά
755 3735 899 3827 καθαροῦ
915 3737 977 3802 τοῦ
994 3760 1034 3801 οι
1050 3730 1232 3814 κλινόμευα.
1268 3729 1353 3803 Είσί
1371 3731 1407 3802 δέ

302 3844 422 3923 ταῦτα,
440 3841 532 3924 Ζῆνις
548 3842 671 3927 Ζήνιος,
691 3846 769 3942 όφις
795 3846 1037 3944 ὄφιος,Σέντις
1055 3845 1200 3929 Σέντιος,
1218 3846 1318 3923 πόλις
1342 3847 1446 3939 τόηο

303 3963 385 4041 λιος,
401 3953 610 4054 Ἀνάχαρσις
630 3959 867 4059 Ἀναχάρσιος,
886 3962 1032 4058 Σύβαρις
1055 3959 1233 4060 Συβάριος,
1251 3959 1406 4058 Τράλλις

304 4068 486 4170 Τράλλιος,
506 4070 600 4168 τάξις
624 4072 750 4170 τάξιος,
767 4075 875 4170 Ἀγις
892 4077 1020 4171 ’Ἀγιας
1035 4077 1087 4148 καί
1105 4075 1263 4170 ΙἈγιδος,
1283 4078 1405 4162 θάμν-

303 4219 353 4284 ρις
378 4187 458 4283 (sic)
483 4187 647 4287 θᾶμύριος
669 4192 722 4262 καί
748 4191 943 4291 θάμύριδας,
959 4193 1188 4288 Ἀγησίπολις
1213 4193 1405 4286 Ἀγησιπό-

303 4311 376 4382 λιος
392 4306 445 4376 καί
462 4304 738 4399 Ἀγησιπόλιδος,
757 4307 879 4408 Γάοζις
895 4307 1045 4408 Γαόζιος.
1086 4308 1216 4406 Εῦρέθη
1234 4307 1269 4381 δέ
1290 4311 1343 4382 καί
1361 4307 1402 4382 τό

306 4421 472 4520 Βούσιρις,
491 4425 508 4504 5
526 4420 638 4506 δοτικὴ
659 4431 708 4514 τῷ
736 4425 885 4522 Βουσίρι,
902 4429 943 4504 ἀς
959 4424 1028 4498 ἀπό
1045 4432 1107 4498 τοῦ
1123 4425 1301 4524 Βουσίριος
1318 4425 1439 4512 Bou-35
