2982 5022
281 325 321 370 10
569 306 771 370 rmprlffl
791 305 1084 366 ΧΟΙΡΟΒΟΣΚΟΥ

279 485 404 554 πτῶσις
436 479 468 547 ἐν
506 477 685 572 παραθέσει
722 473 806 571 εἶχεν
842 471 920 545 εἶναι
958 473 1043 556 μετὰ
1079 480 1143 545 τῶν
1179 474 1377 571 προθέσεων.

280 592 398 664 Ταῦτα
415 591 473 674 μὲν
488 594 521 662 έν
536 593 679 667 τούτοις.

322 703 446 801 Ἀξιον
463 707 496 778 δὲ
516 709 608 779 ἐστίν
626 705 777 806 ζητήσαι,
795 709 824 776 εί
844 704 898 776 οὖν
920 709 952 776 οἱ
973 706 1046 802 ὅροι
1063 711 1128 777 τῶν
1146 708 1268 777 εὐθειῶν
1285 707 1379 790 είσίν,

280 825 330 914 (τί
348 820 416 919 γάρ
434 824 525 893 ε’στιν
541 819 709 918 ἅνθρωπος
726 819 915 920 ὁριζόμεθα,
933 822 985 892 καί
1004 821 1078 917 οόχὶ
1095 821 1132 891 τί
1149 823 1240 892 ε’στιν
1256 821 1381 918 ἀνθρώ-

280 943 368 1034 που,)
388 942 405 1020 »5
424 934 458 1006 δὲ
480 939 583 1010 εὐθεῖα
605 939 646 1014 ῶς
666 937 790 1033 εἴρηται
818 939 872 1008 οὐκ
898 937 973 1008 ἐστὶ
1000 937 1109 1033 κυρίως
1134 941 1273 1020 πτῶσις,
1290 934 1404 1012 διατί5

281 1033 459 1163 ὁριζόμεθῖί
479 1061 642 1144 τὸόνομα
660 1061 802 1153 λέγομεν
819 1060 873 1131 ὅτι
895 1069 917 1101 “
928 1061 1030 1143 ὄνομα
1047 1060 1140 1131 έσπίν
1157 1060 1255 1156 μέρος
1271 1061 1381 1152 λόγου

282 1180 478 1253 πτωτικόν.”
499 1177 627 1248 Ἔστιν
640 1174 693 1247 οὖν
706 1179 815 1259 εἰπεῖν,
829 1176 883 1248 ὅτι
897 1175 1009 1272 ῶσπερ
1023 1173 1225 1268 γελαστικὸν
1236 1177 1381 1268 λέγομεν

281 1293 324 1367 τό
348 1292 494 1392 πεφυκὸς
516 1296 630 1385 γελῶν,
647 1293 699 1362 καί
722 1290 975 1390 χρεμετιστικὸν
991 1289 1034 1362 τὸ
1058 1289 1203 1388 πεφυκὸς
1225 1291 1382 1388 χρεμετί·

282 1411 359 1512 ζειν,
382 1409 443 1482 τόν
468 1407 567 1479 αι’κτόν
591 1408 721 1504 τρόπον
744 1408 797 1478 καὶ
823 1404 989 1478 πτωτικόυ
1011 1405 1149 1478 ἐνταῦθα
1172 1407 1316 1498 λέγομεν
1336 1404 1380 1476 τά

281 1524 426 1623 πεφυκὸς
447 1523 658 1620 ἐπιδέχεσθαι
681 1525 832 1600 πτώσεις·
859 1523 912 1594 καὶ
930 1520 999 1619 γάρ
1017 1525 1035 1604 »5
1053 1523 1156 1593 εὐθεῖα
1174 1527 1301 1598 πτῶσις
1323 1520 1381 1604 μὲν
1393 1548 1425 1586 ιο

282 1643 337 1712 οιίκ
365 1641 452 1723 ἔστι,
481 1639 624 1710 κλίνεται
652 1636 687 1709 δέ
715 1641 759 1714 είς
788 1639 939 1719 πτώσεις,
968 1637 1144 1709 τουτέστιν
1174 1638 1217 1712 είς
1245 1635 1382 1728 γενικήν,

282 1755 421 1838 δοτικήν,
444 1757 636 1836 αι’τιατικήν.
670 1752 789 1825 Ταῦτα
819 1753 877 1836 μέν
901 1755 933 1824 ἐν
959 1755 1099 1829 τούτοις·
1129 1755 1159 1822 εί
1184 1749 1219 1822 ὀὲ
1244 1752 1297 1828 τίς
1322 1751 1383 1832 τήν

283 1870 450 1966 ἆκριβείαν
466 1873 639 1951 σκοπήσει,
657 1870 781 1965 εὑρήσει
804 1867 858 1938 ὅτι
883 1866 954 1938 αὖθί
976 1872 994 1949 η’
1017 1872 1153 1950 κλητική
1176 1870 1249 1938 ἐστι
1273 1867 1384 1964 κυρίως

283 1988 419 2060 πτῶσις·
455 1981 553 2065 δῆλον
579 1982 731 2064 ένπεῶθεν,
762 1986 797 2052 αι’
831 1981 899 2078 γὰρ
929 1985 1070 2059 πτώσεις
1100 1985 1137 2054 οό
1170 1984 1383 2066 σημαίνουσιν

196 2102 387 2196 34ιιόρθῶς
401 2099 462 2181 τήν
485 2098 596 2169 οὐσίαν
618 2103 679 2168 τοῦ
700 2094 913 2194 πράγματος,
936 2099 1015 2168 ἀλλ’
1031 2100 1065 2168 ἐκ
1089 2101 1246 2191 πλαγίου·
1272 2099 1291 2182 ή
1313 2098 1404 2197 γᾶρι
1411 2129 1426 2188 5

282 2217 383 2288 ένεκεν
398 2218 565 2297 κτήματος
581 2211 916 2311 παραλαμβάνονται,
929 2213 947 2295 ή
964 2214 1064 2285 ένεκεν
1080 2212 1295 2312 πράγματος·
1318 2219 1384 2287 ένε-

283 2361 335 2401 κεν
362 2326 420 2412 μίν
444 2333 625 2413 κτήματος,
649 2327 719 2400 οῖον
744 2328 978 2428 Ἀριστάρχου
1005 2330 1120 2428 άγρός,
1144 2329 1383 2430 Ἀριστάρχου

285 2443 381 2520 οἶκος·
408 2444 508 2512 ἕνεκεν
525 2441 559 2512 δέ
575 2440 787 2540 πράγματος,
800 2443 870 2514 οἷον
887 2443 1122 2543 Ἀριστάρχου
1138 2451 1270 2531 ήκουσα,
1288 2447 1383 2544 Ἀρι-

284 2555 424 2656 στάρχῳ
442 2555 571 2627 δέδωκα·
597 2556 671 2628 ὅθεν
691 2559 744 2628 καί
767 2562 908 2637 πτώσεις
925 2567 1111 2642 καλοῦνται,
1129 2565 1169 2639 ῶς
1186 2563 1381 2633 ἐκπεσοῦσαι

282 2683 341 2758 τῆς
364 2677 461 2771 ὀρθῆς
482 2672 655 2756 σημασίας,
674 2675 727 2743 καί
750 2673 903 2767 πλάγιοι,
920 2677 960 2752 ῶς
976 2676 1020 2757 μή
1042 2677 1256 2758 σημαίνουσαι
1280 2679 1383 2773 ὀρθῶς
1394 2709 1430 2748 ιο

283 2791 343 2874 τήν
365 2791 479 2861 οόσίαν
500 2795 561 2860 τοῦ
583 2786 796 2885 πράγματος,
813 2790 890 2860 ἀλλ’
909 2791 943 2860 ἐκ
966 2791 1123 2883 πλαγίου·
1150 2794 1168 2872 »5
1192 2789 1226 2861 δὲ
1248 2793 1382 2874 κλητική

284 2910 387 3004 ὀρθῶς
403 2907 550 2989 σημαίνει
567 2905 628 2986 τήν
644 2905 757 2976 οὐσίαν
772 2911 834 2974 τοῦ
850 2902 1061 3000 πράγματος.
1086 2903 1183 3001 ’Ἀρα
1202 2903 1255 2976 οῶν
1272 2907 1349 2976 οὔτε
1365 2910 1383 2986 »5

284 3023 418 3106 κλητική
435 3024 511 3092 ἐστι
528 3021 637 3118 κυρίως
655 3019 821 3113 (πτῶσις)
840 3021 872 3090 έν
889 3019 937 3095 οἷς
953 3020 1010 3090 σὺν
1028 3025 1090 3109 θεῷ
1105 3023 1124 3101 »5
1141 3018 1269 3116 πρᾶξις.

334 3139 511 3215 Μαθόντες
536 3135 590 3208 οὖν
614 3138 718 3208 πόσαι
745 3138 887 3212 πτώσεις
912 3136 1004 3220 εἰσίν,
1028 3136 1175 3218 ἔλθωμεν
1201 3137 1385 3211 ἀκολούθως

284 3254 337 3324 καί
355 3251 563 3340 διαλάβωμεν
576 3252 650 3349 περί
668 3250 728 3330 τὰς
741 3252 917 3334 ὀνομασίας
929 3253 1044 3321 αότῶν.
1072 3253 1133 3321 Δεῖ
1149 3251 1315 3342 γινώσκειν
1330 3250 1383 3320 ὅτι
1397 3287 1412 3326 2
1416 3285 1433 3344 5

287 3371 305 3450 »5
331 3366 389 3450 μὲν
416 3368 497 3466 ὀρθή
524 3366 725 3450 ὀνομαστική
754 3367 893 3458 λέγεται
922 3367 975 3435 καί
1001 3365 1114 3438 εὐθεῖα·
1145 3366 1198 3435 καί
1224 3366 1306 3462 ὀρθή
1332 3367 1384 3435 καί

286 3483 388 3556 εὐθεῖα
405 3482 554 3576 λέγεται,
571 3479 680 3564 ἐπειδή
701 3483 804 3578 ὀρθῶς
826 3483 972 3564 σημαίνει
995 3481 1055 3562 τήν
1078 3481 1191 3551 οόσίαν
1212 3487 1275 3551 τοῦ
1299 3477 1387 3576 πρά-

286 3628 429 3692 γματος,
456 3598 525 3670 οἷον
555 3595 734 3695 ἅνθρωπος,
761 3599 873 3674 ἵππος·
906 3599 1106 3680 ὀνομαστική
1138 3596 1183 3682 δὲ,
1209 3597 1318 3679 ἐπειδή
1346 3595 1386 3668 δι’

287 3715 383 3796 αὐτῆς
409 3711 470 3789 πῶς
499 3714 676 3794 ὀνομασίας
705 3713 894 3795 ποιούμεθα,
922 3713 1002 3797 οῖον,
1028 3711 1198 3810 ἄνθρωπος
1222 3715 1387 3806 λεγέσθω,

288 3823 465 3922 Σωκράτης
486 3822 706 3924 ὀνομαζέσθω·
733 3832 751 3908 »5
774 3825 808 3898 δὲ
830 3829 938 3921 γενική
960 3829 1098 3920 λέγεται
1121 3829 1255 3910 κτητική
1277 3827 1312 3898 δὲ
1333 3829 1388 3898 καὶ
1400 3860 1441 3917 30

287 3943 441 4040 πατρική,
466 3941 574 4026 έπειθή
600 3941 640 4013 δι’
657 3945 754 4027 αὐτῆς
776 3945 956 4027 ποιούμεθα
978 3943 1024 4015 τά
1048 3945 1136 4036 γε’νη,
1154 3942 1199 4014 τὰ
1219 3949 1388 4030 κτήματα,

287 4059 339 4130 καί
373 4057 434 4136 τάς
468 4059 639 4157 πατρίδας·
676 4059 755 4142 οἷον,
785 4057 1019 4157 Ἀριστάρχου
1048 4057 1122 4142 υίὸς,
1153 4057 1392 4158 Ἀριστάρχου

288 4171 402 4271 ὀιγρός,
420 4173 654 4274 Ἀριστάρχου
671 4176 793 4272 πατήρ,
810 4173 1045 4273 Ἀριστάρχου
1065 4172 1161 4251 οἶκος·
1189 4179 1207 4256 »5
1225 4174 1260 4245 δὲ
1276 4173 1392 4256 δοτική

288 4287 519 4371 ε’πισταλτική,
537 4289 645 4372 ἐπειδή
664 4289 703 4363 δι’
720 4293 817 4373 αὐτῆς
833 4292 1014 4374 ποιοίμεθα
1037 4289 1098 4367 τὰς
1119 4289 1227 4366 θόσεις
1251 4290 1304 4360 καί
1329 4287 1394 4366 τάς

288 4403 481 4489 ἐπιστολάς,
493 4407 571 4488 οἷον,
585 4405 804 4504 Ἀριστάρχῳ
819 4407 940 4494 δίδωμι,
949 4405 1173 4506 Ἀριστάρχῳ
1187 4409 1392 4478 ἐπιστέλλω·
1404 4443 1422 4494 3
1430 4443 1445 4496 5
