2954 5020
415 345 482 406 ΕΙΣ
504 347 560 407 ΤΟ
582 345 873 408 ΟΝΟΜΑΤῙΚΟΝ.
1147 340 1184 402 81

97 510 158 594 ἣν,
174 510 192 594 ίη
209 541 240 596 ς,
255 512 276 594 ίη
294 541 325 594 Δ,
342 511 360 595 ἦ
377 543 411 596 ιι,
429 512 481 585 διὰ
502 519 564 586 τοῦ
582 543 604 586 ιι
621 515 799 600 κλίνονται,
816 513 885 585 οίον
902 511 1040 610 Βίβρυξ
1055 511 1186 609 Βέβρυ-

95 655 153 709 κος,
186 627 274 715 (ἔστι
308 626 343 698 δὲ
375 629 490 720 ἔθνος)
522 627 662 723 βόμβυξ
692 629 873 716 βόμβυκος,
901 627 989 719 (ἔστι
1023 626 1058 698 δί
1091 627 1185 720 γόνος

95 741 196 821 ανλοΰ,
212 742 265 811 καί
280 740 406 838 θηρίδια
422 741 508 828 τινὰ,
524 743 577 814 καί
595 741 678 842 ζῶον
694 744 755 841 ἀφ’
770 744 809 816 αθ
822 741 868 815 τὰ
885 743 1081 831 βομβιίκινα,
1098 741 1183 814 κατὰ

97 851 245 933 Λάκωνας
274 854 310 927 δὲ
337 855 485 940 στάμνον
514 855 630 948 δηλοῖ,)
661 856 741 952 ίβυξ
767 859 888 946 ίβυκυς·
920 857 1010 950 (ἔστι
1038 855 1073 928 δὲ
1102 855 1184 934 είδος

94 967 222 1064 ὀρνέου)
242 967 388 1066 Σάμβυξ
403 969 589 1059 Σάμβυκος,
607 971 738 1069 (κόριον
754 973 828 1044 ἔστι
846 971 880 1044 δὲ
892 972 945 1042 καί
961 970 1114 1056 ποταμός
1129 971 1208 1054 καίς

92 1082 201 1177 ἔθνος)
221 1083 370 1180 Ἀμπυξ
385 1085 573 1172 Ἄμπυκος,
590 1085 711 1184 (κόριον
728 1088 841 1172 ὄνομα,
856 1087 909 1158 καί
925 1087 1060 1172 κόσμος,
1083 1091 1182 1179 ἤγουν

92 1198 360 1294 κεφαλοδέσμιον,
389 1203 441 1272 καί
476 1199 629 1300 τροχός,)
662 1199 708 1274 τὰ
747 1209 827 1296 γοῦν
860 1205 903 1280 είς
935 1201 978 1274 τό
1011 1233 1031 1273 Δ
1065 1200 1182 1274 ἄνωθεν

91 1343 214 1388 κεινται.

138 1431 191 1505 Τὰ
213 1437 258 1511 είς
279 1461 319 1508 ιιι
344 1441 393 1526 τῷ
417 1467 437 1507 ιι
459 1434 720 1532 παραληγόμενα
744 1435 867 1530 ἔχοντα
887 1435 919 1505 ἐν
935 1441 980 1530 τῇ
1006 1433 1076 1530 ίξῆς
1102 1444 1182 1507 συλ-

90 1549 176 1642 λαβῇ
197 1547 426 1638 ἀμετάβολον,
443 1548 582 1622 διάτοιῖ
606 1580 626 1622 ιι
653 1550 829 1632 κλίνονται,
845 1550 890 1633 μὴ
915 1551 1089 1648 πεφυκότα
1109 1549 1182 1646 όξιί-
1194 1585 1229 1626 ιο

91 1669 195 1736 νεσθαι
230 1667 262 1736 εἶ
288 1666 331 1748 μὴ
357 1665 458 1749 μόνον
487 1663 608 1750 θηλυκὰ
643 1665 736 1737 ὅντα.
783 1663 972 1737 Ἔστωσαν
1006 1664 1040 1736 δὲ
1074 1697 1182 1764 παρα·

90 1778 250 1873 δείγματα
282 1787 345 1852 τοῦ
380 1781 511 1858 κανόνος
542 1787 661 1862 ταῦτα,
696 1776 834 1877 Βίβρυξ
865 1779 1043 1878 Βέβρυκος,
1070 1779 1184 1880 Ἔρυξ

84 1895 230 1993 Ἔρυκος,
263 1895 297 1984 (ό
330 1895 410 1992 ἥρως
442 1897 495 1967 καὶ
528 1900 546 1978 ἡ
580 1897 679 1973 πόλις
711 1893 804 1993 παρὰ
837 1900 886 1986 τῷ
917 1894 1182 1992 Ἐρατοσθένει·)

90 2009 210 2108 ττίρνξ
226 2010 261 2081 δὲ
277 2011 442 2107 πτέρυγος
463 2009 515 2082 διὰ
537 2018 599 2082 τοῦ
622 2041 650 2092 ς,
668 2011 720 2081 καί
746 2010 800 2082 ὅτι
825 2011 925 2094 μόνον
943 2011 1080 2094 θηλυκόν
1096 2013 1180 2096 ε’στι,

89 2127 135 2196 καί
151 2127 206 2198 ότι
224 2126 369 2222 πέφυκεν
385 2124 564 2219 ὀξύνεσθαι·
591 2125 691 2202 οὕτως
716 2124 784 2222 γὰρ
807 2126 860 2196 καί
882 2127 1070 2218 ἀνεγνώσθη
1090 2124 1181 2223 παρὰ
1195 2151 1228 2210 ¹5

89 2247 133 2330 τῷ
164 2247 288 2334 ποιητῇ
320 2245 338 2322 ἡ
368 2243 475 2333 γενικὴ
508 2239 747 2339 παροξυτόνως,
778 2242 818 2317 ὡς
845 2237 914 2311 ἆπό
946 2237 1103 2334 ὀξυτόνου
1136 2243 1183 2311 εὐ-

90 2356 169 2433 υιι,
190 2341 248 2450 [ιι.
267 2355 314 2443 μ.
331 2357 421 2448 316.]

287 2481 413 2554 πτιρίγος
426 2481 508 2548 λάβεν
519 2480 688 2554 ἀμφιαχυῖαν.

135 2585 190 2656 Τὰ
206 2589 252 2662 εἷς
268 2613 309 2656 τε
328 2583 516 2672 δισύλλαβα
541 2585 664 2680 ἔχοντα
689 2583 757 2683 πρὸ
779 2585 896 2662 τέλους
912 2587 1086 2674 συλλαβὴν
1102 2589 1144 2663 είς
1162 2617 1182 2658 ιι

90 2705 350 2793 καταληγουσαν,
378 2701 423 2782 μὴ
451 2700 531 2770 ὄντα
557 2696 643 2770 κατὰ
671 2699 848 2796 ἀφαίρεσιν
874 2699 1027 2782 δηλονότι
1059 2707 1121 2772 τοῦ
1150 2732 1181 2784 κ,
1194 2733 1230 2774 20

90 2816 309 2909 μηλεγόμενα
335 2815 505 2910 ἀρσενικῶς
528 2815 580 2884 καί
604 2817 755 2895 θηλυκῶς,
770 2813 823 2884 καί
843 2815 888 2897 μίη
904 2814 1080 2910 πεφυκότα
1096 2816 1183 2911 ἔχειν

89 2930 151 3027 πρὸ
174 2937 237 3002 τοῦ
257 2957 277 3002 ε
294 2929 338 3001 τδ
355 2959 374 3000 υ
391 2927 444 3000 διὰ
465 2935 527 3000 τοῦ
544 2959 565 3000 ιι
582 2929 757 3000 κλίνονται·
787 2926 832 2999 τδι
859 2926 927 3026 γὰρ
952 2927 1182 3001 ἆντιδιαστελ-

88 3045 205 3128 λόμενα
233 3043 287 3116 διὰ
316 3050 378 3115 τοῦ
403 3075 421 3115 ι·
446 3045 623 3116 κλίνονται.
666 3043 854 3116 Ἔστωσαν
871 3041 905 3114 δὲ
924 3043 1181 3141 παραδείγματα

87 3167 143 3230 τοῦ
166 3160 300 3236 κανόνος
324 3165 442 3243 ταῦτα,
459 3156 595 3256 ΙΆδρυξ
611 3156 784 3255 Ἀδρυκος,
806 3157 919 3242 (πόλις
944 3159 1180 3256 Συρακουσίων,

88 3273 253 3370 ἂρσενικῶς
269 3275 441 3368 λεγομένη,
1193 3304 1207 3343 ι
1211 3300 1226 3359 5

284 3400 384 3472 ἔφυγον
397 3399 434 3455 είς
447 3396 624 3470 τδν”Δδρυκο,

88 3503 255 3582 Φίλιππος
283 3506 302 3574 ὁ
327 3502 495 3600 ἱστορικὸς
524 3503 652 3599 φησίν,)
675 3501 788 3596 ἅμβυξ
811 3500 965 3588 ἅμβυκος,
989 3503 1095 3598 γάνυξ
1118 3505 1181 3596 γά·

89 3649 180 3705 νικος,
207 3621 241 3710 (ὁ
269 3615 441 3714 γανάκτωρ
471 3615 562 3714 παρὰ
591 3623 641 3708 τῷ
666 3617 929 3714 Ἐρατοσθένει,)
956 3617 1077 3715 θρᾶνυξ
1102 3618 1182 3718 θρά-

89 3765 180 3820 νυκος,
199 3735 233 3826 (ὁ
252 3735 367 3830 θρόνος
389 3732 481 3830 παρὰ
500 3733 668 3830 Κορίννη)
687 3729 791 3826 κάλυξ
810 3729 955 3815 κάλυκος,
975 3732 1129 3822 (θηλυκῶς
1147 3735 1182 3808 δὲ

88 3851 219 3944 λέγεται
242 3850 295 3920 καί
326 3849 470 3932 σημαίνει
496 3845 538 3919 τό
563 3848 759 3931 καλούμενον
785 3847 908 3942 ῥόδον,)
935 3846 1073 3944 σόμβυξ
1095 3848 1229 3936 σάμ-ηο

90 3967 190 4048 βνκος,
207 3976 323 4037 κεῖται.
375 3965 451 4036 Τῶν
468 3963 502 4035 δὲ
517 3962 886 4047 ἆντιδιαστελλομίνων,
899 3969 998 4056 ἤγουν
1015 3963 1067 4036 διὰ
1083 3973 1146 4038 τοῦ
1163 3995 1180 4037 ι·

28 4082 248 4162 ίόικλιθόντα,
266 4079 521 4177 παραδείγματα
545 4085 664 4150 ταῦτα·
691 4075 814 4171 φάλυξ
837 4076 1007 4172 ψάλυγας,
1025 4079 1122 4169 (τινὲς
1148 4081 1182 4152 δὲ

90 4193 145 4272 τὰς
167 4197 291 4294 τρίχας
315 4193 466 4289 ἐδέξαντο
491 4195 654 4278 σημαίνειν
669 4193 730 4276 τίην
745 4190 844 4287 λε’ξιν,
863 4194 1004 4279 Δίδυμος
1022 4195 1057 4266 δέ
1079 4203 1183 4294 φησιν

89 4309 159 4386 τοὺς
175 4311 322 4387 ιἰσθενείς
337 4314 518 4407 σπινθῆρας
535 4307 651 4391 δηλοῦν
666 4308 726 4390 τίην
742 4305 842 4402 λέξιν·
869 4310 943 4381 ἔστι
970 4309 1005 4382 δὲ
1027 4308 1096 4382 ιἰπό
1121 4315 1183 4381 τοῦ

91 4417 300 4518 φαιψάλιίως
314 4425 393 4519 (Sic)
417 4421 616 4520 [φεψάλυξ]
638 4424 690 4494 καί
716 4421 800 4495 κατὰ
826 4425 1003 4520 ἀφαίρεσιν
1029 4425 1181 4508 δηλονότι
1192 4449 1227 4510 35

627 4557 652 4601 ιι
