2954 5024
271 302 336 372 234
564 289 767 349 mm’nm'
789 286 1082 348 ΧΟΙΡΟΒΟΣΚΟὟ
1413 276 1465 352 λκή

269 465 339 542 εὓς,
361 460 413 530 καὶ
438 457 483 529 τὸ
507 464 706 554 παραλῆγον
727 463 852 554 φωνῆεν
875 455 930 526 οόκ
952 453 1104 552 ἔτρεψαν
1120 458 1164 532 εἷς
1178 453 1225 526 τὸ
1242 485 1279 542 ι,
1301 455 1398 526 ἀλλ’

271 577 309 648 οό
324 575 574 672 καθαριεόουσιν.

318 688 492 791 Ἐζιςιήθῆ
507 689 566 772 μέν
582 693 656 772 ῆμῐν
675 689 727 760 καὶ
753 687 828 786 περὶ
853 694 915 758 τοῦ
938 687 1086 785 πρέσβυς
1110 687 1295 786 πρέσβεας,
1316 689 1402 760 εἴτε

270 805 323 880 θιᾶ
340 811 402 880 ποθ
421 837 440 878 κ
456 806 509 876 καὶ
528 837 547 876 ο
564 806 668 888 μόνως
684 805 879 902 εὖρέσκεται,
895 805 964 875 εἴτε
984 805 1037 874 καὶ
1060 803 1113 876 διὰ
1138 809 1199 876 τοῦ
1224 833 1245 874 κ
1268 805 1334 875 καὶ
1355 835 1398 890 ει,

162 924 222 994 128
237 923 323 995 Ιυκαὶ
343 923 506 1019 ῆπόριποι
529 922 588 1005 μέν
609 924 639 992 εἰ
661 923 736 992 έστι
758 919 905 1019 τριγενές
921 917 964 992 τό
980 921 1138 1018 πρέσβυς·
1164 922 1193 992 ει’
1209 916 1282 1016 γόρ
1301 922 1425 1000 ἔστιε

270 1037 428 1138 τριγενές,
445 1036 497 1110 διὰ
513 1044 575 1110 ποθ
595 1069 614 1110 ι
631 1039 684 1110 καὶ
702 1069 722 1108 ο
738 1039 843 1122 μόνως
858 1037 943 1108 ἐστι’.
971 1034 1026 1106 Τό
1044 1034 1113 1134 γὰρ
1130 1039 1173 1114 εἰς
1188 1065 1230 1106 τι
1245 1037 1394 1132 ἔχοντα

270 1154 454 1252 τριγένειον
470 1156 508 1226 οό
524 1156 671 1248 γίνονται
690 1151 742 1224 διὰ
762 1159 823 1226 τοῦ
848 1185 868 1226 κ
885 1153 937 1223 καὶ
955 1183 977 1224 ο
995 1151 1167 1234 Ἀττικῶς,
1184 1153 1226 1228 ὡς
1250 1149 1395 1234 ε’μόθο-

270 1301 338 1354 μεν,
356 1270 426 1342 οἷον
443 1270 513 1354 ήδὺς
529 1269 627 1354 ἡδέος,
641 1267 716 1364 ὀξὺς
732 1267 835 1364 ὀξέος,
846 1274 943 1352 θῆλυς
956 1272 1080 1352 θήλεος,
1098 1267 1211 1352 ἥμισυς
1229 1269 1393 1351 ἡμίσεος,

271 1385 324 1460 διὰ
349 1393 412 1460 τοῦ
436 1417 456 1457 ιι
478 1387 531 1457 καὶ
556 1409 586 1456 ο·
620 1391 729 1458 ταῦτα
755 1384 824 1483 γὰρ
850 1385 1009 1458 οὐδέκοτε
1032 1385 1180 1479 γίνονται
1200 1383 1255 1456 διὰ
1273 1393 1348 1458 τοῦ
1367 1417 1392 1458 κ

271 1504 324 1574 καὶ
340 1533 373 1574 ο.
419 1501 469 1572 Εἰ
483 1499 537 1572 οὖν
553 1501 597 1573 τὸ
613 1504 760 1598 πρέσβυς
779 1503 847 1600 ἔχει
868 1502 1060 1600 τριγένειον,
1078 1501 1115 1572 ου’
1133 1499 1264 1573 θόνατοι
1286 1504 1393 1596 γενέ-
1407 1527 1442 1565 10

271 1624 351 1693 σθαι
368 1616 420 1690 διὰ
437 1625 499 1690 τοῦ
516 1619 601 1690 na}
615 1649 637 1690 ο
647 1619 823 1698 Ἀττικῶς.
849 1619 899 1692 Εἰ
914 1619 949 1692 δὲ
961 1621 1016 1690 οὖκ
1032 1621 1205 1716 εὐποροῦσι
1224 1623 1391 1716 χρήσεως

270 1737 461 1836 τριγενεέας,
489 1733 559 1826 (οὐκ
583 1736 698 1832 έχουσι
723 1732 791 1832 γὰρ
820 1745 942 1833 χρῆσιν
968 1733 1075 1810 δοῦναι
1106 1740 1179 1819 ήμῖν
1204 1738 1284 1807 οὔτε
1315 1744 1388 1810 τοῦ

271 1853 405 1950 πρέσβυ
429 1851 609 1949 οὐδετέρου,
626 1852 706 1922 ἁλλ’
722 1853 799 1922 οὗτε
823 1851 858 1922 δέ
881 1857 943 1924 τοῦ
968 1854 1132 1948 πρεσβεῖα
1158 1857 1314 1938 θηλυκοῦ,
1335 1854 1387 1926 τὸ

271 1967 341 2066 γὰρ
363 1969 500 2066 πρέσβα
520 1967 606 2040 κατὰ
623 1967 793 2062 συγκοπῆν
815 1966 907 2038 ε’στέν
928 1966 997 2039 ἀπὸ
1022 1975 1084 2039 τοῦ
1108 1970 1304 2067 πρεσβεῖα,)
1324 1969 1387 2054 θη·

270 2083 388 2156 λουότι
405 2085 577 2178 μονογενές
592 2086 695 2156 ε’στιν.
746 2082 797 2154 Εἰ
812 2081 847 2154 θέ
861 2085 1034 2178 μονογενές
1050 2085 1153 2169 ε’στιν,
1164 2085 1293 2181 ὤφειλε
1312 2093 1388 2184 φυι
1403 2117 1413 2154 ι
1419 2115 1437 2174 5

269 2198 370 2295 λόξαι
396 2199 440 2273 τὸ
465 2231 485 2271 τ
510 2201 542 2272 έν
566 2206 608 2294 τῆ
635 2206 753 2294 γενική,
777 2197 892 2297 ὥσπερ
916 2198 959 2272 τὸ
986 2200 1111 2296 βότρυς
1137 2201 1294 2296 βότρυος,
1323 2205 1384 2276 καὶ

270 2314 399 2413 στόχυς
423 2313 580 2414 στόχυος·
615 2319 645 2387 εἰ
677 2314 712 2387 δέ
740 2317 778 2387 οὐ
807 2313 974 2413 φυλάττει
1000 2314 1043 2387 τὸ
1073 2345 1092 2388 τ
1121 2317 1155 2386 έν
1183 2320 1226 2411 τῆ
1252 2326 1383 2413 γενικῇ,

270 2427 425 2512 δηλονότι
450 2429 650 2511 ἠκολούθησε
673 2435 722 2520 τῷ
746 2435 852 2526 πῆχυς
878 2433 1017 2526 πήχεως,
1039 2429 1092 2500 καὶ
1117 2428 1250 2506 πέλεκυς
1273 2433 1386 2502 πελέ-

269 2575 354 2622 κεως.
401 2543 471 2614 Καὶ
488 2544 655 2641 πρότερον
671 2545 803 2638 ἐγένετο
820 2548 839 2627 ή
856 2545 987 2624 έκτοσις
1003 2551 1064 2617 τοῦ
1083 2577 1103 2616 ο
1119 2548 1163 2624 εἷς
1178 2541 1222 2618 τὸ
1239 2575 1261 2616 ο
1276 2545 1315 2616 έν
1334 2553 1383 2643 τῆ

269 2666 387 2754 γενικῆ,
404 2660 456 2732 καὶ
477 2658 578 2737 οὕτως
594 2659 727 2754 ἐγένετο
745 2666 763 2744 ῆ
784 2665 1029 2760 παραλήγουσα
1053 2659 1104 2733 διὰ
1127 2668 1190 2734 τοῦ
1212 2693 1243 2748 κ,
1259 2665 1301 2738 ὡς
1320 2665 1383 2737 ε’πέ
1395 2690 1433 2729 ²0

267 2783 329 2850 τοῦ
358 2785 463 2875 πῆχυς
490 2781 629 2875 πήχεως,
653 2779 706 2849 καὶ
736 2779 869 2856 πέλεκυς
896 2777 1061 2854 πελέκεως·
1097 2778 1149 2849 καὶ
1179 2787 1382 2854 τελευταῖον

268 2892 396 2991 ἔτρεψε
420 2892 463 2966 τὸ
489 2924 509 2964 ο
535 2897 577 2970 εἶς
601 2891 645 2965 τό
671 2925 691 2964 ο
716 2894 768 2964 καὶ
795 2895 927 2988 ἐγένετο
957 2895 1133 2992 πρέσβεως,
1159 2896 1199 2973 ὡς
1223 2895 1277 2966 ἐπὶ
1309 2903 1379 2970 τοῦ
1475 2925 1476 2939 ’

268 3013 392 3104 πήχεος
408 3010 460 3080 καὶ
478 3010 640 3087 πελέκεας.
1475 2992 1476 3031 ¹

316 3124 449 3196 Ἰστέον
478 3124 533 3197 ὅτι
562 3124 693 3224 εὔριποι
722 3125 765 3199 τὸ
796 3127 933 3212 θηλυκόν
958 3129 1068 3214 αθτοθ,
1094 3131 1113 3211 ή
1138 3129 1286 3226 πρέσβυς
1311 3138 1376 3214 τῆς

268 3240 448 3340 πρέσβυος,
472 3243 524 3314 καὶ
549 3239 592 3315 τὸ
618 3241 786 3340 ἀρσενικόν
811 3241 846 3314 δὲ
870 3243 962 3340 παρὰ
987 3255 1058 3322 τοῖς
1084 3245 1257 3343 Δωριεῦσι,
1281 3247 1373 3321 κατὰ
1386 3273 1423 3332 ²5

268 3359 397 3458 τροπήν
414 3364 477 3432 τοῦ
493 3389 512 3431 ο
528 3362 571 3438 ει’ς
586 3358 630 3432 τὸ
649 3390 678 3443 ς,
694 3358 825 3458 εθρηται
843 3360 989 3458 πρέσγυς
1006 3361 1182 3459 πρέσγυος.

319 3475 449 3550 Ἰστέον
466 3475 499 3550 δὲ
516 3474 629 3550 ὅτιτὸ
647 3478 795 3574 πρέσβυς
811 3479 844 3548 οἱ
858 3478 1003 3576 τεχνικοῖ
1023 3476 1196 3572 μονογενὲς
1211 3481 1371 3573 λέγουσιν
1474 3525 1475 3595 γ

268 3592 357 3678 εἶναι,
374 3594 426 3664 καὶ
450 3595 531 3665 ὅσον
552 3592 660 3677 ε’πειθή
685 3594 858 3687 μουογενές
879 3595 981 3676 ἐστιν,
998 3593 1123 3692 ὤφειλε
1138 3593 1181 3667 τό
1198 3625 1218 3666 ἐ
1235 3595 1372 3694 φυλόπ-

266 3739 335 3780 πειν
351 3709 406 3778 ε’πὶ
428 3717 486 3790 πῆς
502 3717 636 3800 γενικῆς.
687 3709 737 3780 Εἰ
753 3708 788 3782 δέ
807 3711 852 3794 μή
869 3709 1035 3809 φυλάττει
1053 3709 1096 3784 τό
1113 3742 1133 3783 τ
1149 3713 1183 3784 έν
1198 3717 1241 3808 τῆ
1259 3721 1370 3810 γενικῆ

267 3825 432 3910 θηλονότι,
449 3833 498 3918 τῷ
514 3827 609 3921 λόγῳ
625 3834 687 3899 τοῦ
703 3837 808 3926 πῆχυς
825 3832 957 3926 πήχεος,
974 3831 1028 3902 καὶ
1050 3831 1183 3908 πέλεκυς
1200 3833 1422 3920 πελέκευςι3ο

266 3944 466 4028 ήκολοόθησε
487 3944 540 4014 καὶ
565 3945 639 4016 ἔστι
661 3946 779 4042 τρίτον
798 3944 884 4029 μετὰ
900 3951 967 4018 τῶν
983 3947 1254 4030 σεσημειωμένων.
1307 3951 1370 4020 Δεῖ

269 4061 435 4154 γινώσκειν
458 4059 511 4130 ὅτι
536 4059 580 4132 τὸ
605 4061 753 4158 πρέσβυς
777 4061 831 4132 έπέ
856 4068 918 4135 τοῦ
942 4064 1100 4160 γέροντος
1126 4061 1175 4134 θεῖ
1198 4073 1290 4146 νοεῖν,
1313 4065 1367 4138 ε’πὶ

269 4173 337 4274 γὰρ
361 4180 427 4248 τῶν
453 4177 701 4262 ἐκπεμπομένων
730 4179 773 4255 εἷς
802 4181 984 4276 πρεσβείαν
1010 4181 1074 4276 οόχ
1098 4181 1285 4278 εὑρίσκομεν
1309 4180 1369 4263 τήν

269 4293 390 4366 εὐθεῖαν
406 4295 449 4370 εἰς
466 4321 505 4365 τε
522 4291 635 4390 ὥσπερ
653 4293 892 4390 νομέσανκεςβ)
909 4295 1003 4373 τινές.
1041 4293 1091 4366 Εἰ
1111 4292 1179 4392 γὰρ
1196 4291 1328 4394 εθριςται
1349 4300 1367 4380 ή

267 4411 432 4493 αι’πιοπική
448 4409 508 4482 τὸν
525 4411 680 4506 πρέσβιν,
698 4413 739 4486 ὡς
758 4409 885 4494 μόντιν,
902 4412 954 4482 καὶ
980 4411 1151 4495 ήκλιπικῆ
1173 4411 1200 4484 θ
1222 4412 1408 4510 πρέσβιςςς
