2954 5020
381 300 448 361 ΕΙΣ
469 299 526 360 ΤΟ
549 299 844 362 ΟΝΟΜΑΤΙΚΟΝ.
1100 314 1157 360 111

61 476 178 568 φορος,
195 467 248 540 καί
269 471 287 550 »5
309 467 444 552 κλητικῖη
467 468 584 552 ὁμοίως
605 469 639 540 εὐ
659 477 731 545 τοῖς
755 469 867 546 ἔνικοῖς
891 465 1056 546 πολλάκις
1077 467 1162 566 πρὸς

60 588 117 668 τῖην
133 585 217 660 ι’άίαν
234 586 356 657 εὐθεῖαν
373 581 534 682 διάφορος
551 585 689 678 γίνεται·
717 587 751 656 οῖ
771 585 901 668 μέντοι
921 583 1076 656 Ἀττικοί
1100 583 1162 664 τῶς

89 700 136 728 5!
218 700 579 728 sonatan

61 732 158 779 αυτας
175 733 228 772 και
251 733 305 772 επι
327 731 392 772 των
407 731 513 770 ενικων
528 704 661 772 ειωθασι
677 710 782 772 ποιεῖν
799 697 900 798 ὀρθῶς
920 701 973 772 καῖ
996 699 1162 786 κληπικάς,

64 814 131 888 οῖον
146 815 246 900 Αίας,
263 813 291 888 ῶ
305 815 402 900 Αῖιις,
425 821 541 908 [Soph.
558 821 611 908 Aj.
626 820 693 908 89.]

343 939 406 997 Δίας
418 939 539 1014 δεύτερόν
552 963 585 996 σε
597 943 760 1014 προσφανῖι,
1169 955 1186 1014 5

61 1047 155 1123 αὐτος
172 1046 200 1116 ῶ
215 1047 321 1128 αὐτος,
338 1042 429 1127 ἥλιος
446 1043 576 1128 ῶῆλιος
598 1047 653 1138 [ll.
671 1043 717 1137 γ’.
732 1045 821 1136 277.]

345 1167 374 1226 ὃς
386 1167 461 1224 πάντ’
476 1169 575 1242 ίφσρᾷς
588 1171 630 1225 καὶ
642 1167 717 1224 πάντ’
732 1168 873 1226 ίποκούεις.

102 1281 227 1377 Ἀξιον
243 1282 318 1354 ἐστὶ
336 1277 475 1380 ζητῆσαι
490 1279 541 1352 διὰ
558 1282 657 1352 ποίαν
674 1281 782 1353 αἰτίαν
794 1283 944 1354 εῖῶθασιν
956 1285 989 1354 οῖ
1004 1283 1160 1356 Ἀττικοῖ

62 1410 163 1470 ποιεῖν
181 1396 243 1474 τὰς
263 1394 363 1474 αὐτάς
385 1394 485 1495 ὀρθῶς
506 1396 559 1466 καῖ
584 1393 749 1480 κλητικάς·
775 1397 828 1468 καῖ
853 1399 946 1472 ἔστιν
971 1401 1080 1484 εἰπεῖν,
1106 1401 1160 1474 ὅτι

62 1514 168 1598 ε’πειθῖη
193 1515 247 1584 ε’πῖ
272 1519 338 1585 τῶν
363 1512 471 1584 ὃνῖκῶν
494 1513 547 1583 καῖ
571 1518 637 1584 τῶν
661 1518 882 1596 πληθυντικῶν
903 1513 1016 1614 ῶσπερ
1038 1520 1056 1599 »5
1079 1517 1160 1616 ὄρθι’]
1173 1549 1208 1588 ιο

63 1630 144 1702 οάτω
169 1631 223 1700 καῖ
251 1633 269 1712 »5
294 1629 440 1712 κλητικῆ,
464 1627 586 1700 τούπου
611 1627 709 1727 χάριν
733 1630 786 1701 καῖ
813 1631 846 1702 ἐν
870 1641 941 1708 τοῖς
966 1633 1076 1711 ἔνικοῖς
1100 1635 1161 1718 την

64 1747 161 1831 αὐτὴν
179 1747 278 1845 ὀρθὴν
293 1744 346 1815 καῖ
363 1743 514 1828 κλητικῖην
531 1751 691 1827 ποιοῦσιν,
707 1747 759 1817 ἵνα
774 1747 828 1817 καῖ
846 1747 900 1818 ἐπὶ
918 1749 1028 1826 αὐτοῖς
1045 1753 1063 1832 »5
1080 1749 1162 1834 αὐτη

64 1862 239 1935 άκολουθία
267 1865 436 1958 φυλαχθῇ,
462 1858 573 1938 άλλως
599 1892 638 1933 πε
665 1860 700 1933 θὲ
728 1862 828 1934 πέντε
855 1861 971 1935 τελικά
1002 1867 1065 1937 εῖσι
1094 1869 1162 1938 τῶν

66 1979 234 2075 ἆρσενικῶν
250 1973 419 2060 ὀνομάτων
436 1985 602 2073 στοιχεῖα,
617 2006 649 2059 ιι,
665 2003 696 2061 ει,
710 2007 740 2060 ε,
756 2008 783 2062 τ,
796 2009 828 2050 ν.
873 1977 929 2052 Τὰ
946 1979 1004 2063 μὲν
1022 1978 1076 2052 οὐν
1092 1980 1162 2054 ἀπὸ

66 2099 126 2164 τῶν
142 2097 188 2172 εἷς
205 2123 238 2180 ιι,
256 2119 288 2176 ιι,
306 2121 335 2174 ν,
353 2122 383 2174 υ,
401 2089 444 2163 τά
461 2090 542 2164 αὐτὸ
564 2092 740 2189 σύμφωνον
761 2094 875 2190 ἔχουσι
902 2096 953 2166 καῖ
975 2097 1008 2166 ε’ν
1023 2103 1069 2192 τῇ
1084 2105 1162 2182 κλη-
1173 2131 1207 2194 ¹5

66 2217 134 2306 τικῇ
161 2209 245 2307 ὅπερ
269 2209 322 2280 καῖ
351 2209 383 2280 ἕν
412 2215 455 2304 τῇ
485 2208 600 2301 εὐθείᾳ,
630 2206 700 2281 οἷον
728 2211 747 2281 ὁ
774 2208 923 2282 Πλάτων
947 2213 974 2283 ῶ
999 2209 1160 2300 Πλάτων,

66 2323 181 2420 Φοῖνιξ
205 2324 233 2398 ῶ
259 2321 384 2420 Φοῖνιξ,
406 2323 544 2423 Ἕκτωρ
572 2315 769 2424 ῶἝκτῶρ,
796 2323 932 2420 Πέλοψ
958 2327 986 2398 ῶ
1015 2325 1160 2423 Πέλοψ·

93 2439 498 2469 λὶἱλῆἱὶ

67 2473 108 2513 τα
149 2475 166 2514 ε
186 2473 255 2514 ατο
276 2473 341 2513 πων
358 2473 401 2518 εις
423 2469 499 2512 ιον
520 2437 649 2519 πάντας
670 2442 784 2538 ἔχουσι
809 2437 853 2515 τά
878 2441 960 2514 αὐτὸ
986 2444 1162 2543 σύμφωνον

68 2558 152 2652 ε’ντῇ
173 2563 308 2652 κλητικῇ
332 2557 415 2656 ὅπερ
438 2558 490 2628 καῖ
516 2559 548 2628 ἐν
565 2563 608 2653 τῇ
625 2558 739 2650 εὐθείᾳ,
758 2555 827 2631 οῖον
844 2560 863 2630 ὁ
880 2559 967 2638 Α’ίας
982 2559 1010 2633 ῶ
1024 2559 1122 2646 Αἶαν,
1140 2563 1159 2633 ὁ

68 2673 198 2772 Χρύσης
213 2675 240 2745 ῶ
254 2673 385 2770 Χρύση.
428 2671 560 2744 Τούτου
575 2670 629 2744 οὐν
645 2669 744 2770 χάριν
761 2676 794 2745 οῖ
809 2673 964 2748 Ἀττικοί
981 2675 1042 2754 τὰς
1062 2675 1161 2756 αὐτάς
1171 2714 1209 2754 20

69 2787 162 2884 ὀρθῶς
177 2788 230 2860 καῖ
247 2786 400 2871 κλητικάς
415 2794 576 2870 ποιοῦσιν,
592 2789 644 2858 ἰ’να
665 2788 718 2859 καῖ
741 2789 794 2859 ῖπῖ
811 2795 877 2860 τῶν
894 2792 937 2866 εἰς
955 2817 973 2860 ι
989 2791 1161 2883 ληγόντων

69 2903 171 2998 εὑρεθῇ
187 2907 206 2986 »5
222 2903 357 2988 κλητικῆ
372 2901 416 2975 τὸ
438 2901 519 2975 αὐτὸ
544 2903 721 3000 σύμφωνον
740 2904 865 3000 ἔχουσα
888 2903 971 3000 ὅπερ
994 2903 1046 2975 καῖ
1071 2907 1090 2987 »5
1113 2904 1162 2975 εὐ-

71 3018 144 3088 θεῖα.
188 3017 251 3088 Ἐν
268 3017 315 3094 οῖς
331 3016 389 3089 σύν
406 3021 469 3110 θεῷ
484 3021 502 3100 »5
519 3013 650 3115 πρᾶξις.

115 3130 301 3232 Κανονίζων
316 3133 376 3216 τὴν
393 3133 513 3206 εὐθεῖαν
532 3139 598 3204 πῶν
620 3136 852 3216 πληθυντικῶν,
870 3131 938 3204 άπὸ
960 3142 1020 3218 τῆς
1042 3136 1161 3214 εὐθείας

72 3252 130 3317 τῶν
146 3247 254 3320 δυΐκῶν
273 3245 428 3348 κανονίζει
449 3248 558 3333 αὐτὴν,
575 3249 692 3342 λέγων,
709 3249 764 3320 ὅτι
783 3260 803 3292 “
817 3251 912 3320 πᾶσα
930 3252 1033 3323 εὐθεῖα
1055 3251 1208 3345 δυῖῖιῶνο5

72 3365 109 3438 είς
125 3395 143 3436 α
159 3369 311 3458 λήγουσα
328 3364 510 3461 προσθέσει
527 3369 623 3436 τοιῖτ
645 3373 734 3436 ποιεῖ
758 3363 819 3447 την
842 3365 962 3437 εὐθεῖαν
983 3371 1049 3437 τῶν
1073 3373 1161 3450 πλη-

74 3479 225 3566 θυντικῶν,
251 3480 320 3552 οῖον
345 3480 472 3552 Α’ίαντε
496 3479 648 3562 Αἴαντες,
673 3485 733 3564 μιῖε
758 3486 842 3566 μύες,
868 3477 990 3577 χάριτε
1015 3478 1160 3577 χάριτες,

74 3591 184 3666 &nise
207 3596 372 3674 ἆσπίθες.”
423 3598 486 3668 Δεῖ
508 3601 701 3694 προσθεῖναι
720 3607 740 3638 “
753 3595 852 3692 χωρῖς
871 3601 937 3666 τῶν
959 3594 1159 3694 οὐδεπέρων,”

73 3707 114 3778 τῶ
145 3711 278 3796 βήματα
308 3709 377 3809 γάρ
402 3715 420 3793 »5
446 3713 549 3784 εὐθεῖα
573 3719 639 3785 τῶν
669 3711 776 3784 θυΐκῶν
810 3714 853 3788 εἰς
881 3740 912 3794 ιι,
937 3711 990 3782 καὶ
1016 3711 1100 3795 ὅμως
1125 3712 1163 3783 οὐ

74 3833 152 3895 ποιεῖ
173 3826 353 3922 προσθέσει
376 3834 437 3898 τοῦ
455 3857 473 3898 z
489 3829 550 3911 τῖην
567 3830 687 3900 εὐθεῖαν
703 3833 769 3899 τῶν
785 3831 1017 3912 πληθυντικῶν,
1034 3825 1079 3900 τά
1100 3827 1163 3916 βῆ-
1171 3857 1210 3915 30

75 3967 154 4017 ματα
172 3941 241 4040 γάρ
258 3946 276 4025 »5
293 3945 395 4015 εὐθεῖα
416 3949 482 4015 τῶν
505 3948 726 4028 πληθυντικῶν
749 3944 791 4020 είς
812 3972 844 4014 Α.
893 3943 1026 4015 Ἰστέον
1048 3941 1082 4016 θὲ
1107 3944 1161 4016 ὅτι

75 4053 198 4129 ὄκανῶν
215 4056 310 4136 αὐτος
326 4055 463 4158 ἁρμόζει
486 4058 540 4130 ε’πῖ
565 4065 630 4130 τῶν
651 4059 823 4156 άρσενικῶν
846 4057 898 4129 καί
922 4063 1075 4144 θηλυκῶν,
1093 4055 1162 4129 οῖον

75 4167 189 4245 Αἴαντε
204 4171 356 4258 Αἴαντες,
379 4172 522 4272 Λάχητι
545 4173 712 4271 Λάχητος,
735 4176 856 4272 μητίρε
878 4175 1025 4272 μητέρες,
1043 4172 1165 4245 εἰσπίδε

76 4282 207 4374 ἆστίύες,
225 4285 347 4388 χάριτε
361 4287 508 4390 χάριτες.
562 4289 632 4360 Καὶ
648 4294 756 4361 ταῦτα
772 4288 830 4372 μὲν
847 4289 879 4360 ἐν
894 4289 1036 4364 τούτοις.

120 4404 178 4475 Δεῖ
195 4407 372 4497 γινώσκειν,
393 4405 448 4478 ὅτι
472 4401 588 4477 τελικά
611 4413 765 4502 στοιχεῖα
786 4413 845 4486 τῆς
861 4403 980 4482 εὐθείας
996 4409 1061 4476 τῶν
1077 4411 1208 4491 πλη-35
