2982 5022
267 225 309 307 ιι
559 229 763 289 ιςανιισι
784 227 1078 288 Χοιυοαοςκσι
1385 211 1473 288 καί

267 395 402 496 σιδήρου
417 399 657 493 ἐντεταμένην)
678 403 783 470 τούτο
796 395 865 494 γάρ
878 397 1065 496 βαρύτονον
1081 395 1134 466 καί
1150 395 1236 478 ὅμως
1251 399 1297 472 είς
1313 424 1377 466 οτι

267 515 336 612 ἔχει
353 513 413 597 τίιν
426 515 562 608 γενικὴν,
576 515 653 585 ἀλλ’
666 515 734 610 ἔχει
752 512 921 610 ούδίτερον
933 515 977 590 είς
991 543 1041 595 ιι,
1054 512 1136 598 οἷον,
1148 517 1227 600 (Od.
1240 511 1281 584 κ’.
1291 521 1373 606 439)

551 637 674 710 τανύηκες
686 640 857 709 σπασάμενος
869 639 917 712 δορ
930 639 1037 710 παχέος,

269 743 347 840 παρ’
364 739 511 840 Ὁμήρῳ.
554 739 749 826 Ἐμάθομον
766 741 801 813 δὲ
817 742 976 838 ἀνωτέρω,
993 741 1047 813 ὅτι
1064 739 1110 812 τά
1127 744 1170 818 είς
1187 771 1231 812 ux
1247 744 1374 840 ἔχοντα

270 856 439 956 ούδίτιρον
455 861 497 936 είς
515 887 553 930 ιιι
570 859 685 955 ἔχουσι
702 859 761 941 τὴν
779 863 915 952 γενικήν.
1385 885 1405 943 5

321 969 376 1044 Τά
394 977 436 1051 είς
453 1003 517 1045 m
534 972 776 1072 τατρωνυμικά,
793 975 811 1056 ίη
828 974 934 1045 τύπου
956 981 1204 1070 πατρωνυμικού
1219 977 1314 1060 ὄντα,
1331 979 1376 1052 είς

269 1089 330 1173 τίιν
353 1119 393 1162 οι·
416 1088 609 1188 δίφθογγον
633 1091 748 1187 ἔχουσι
773 1091 834 1172 τὴν
859 1093 995 1183 γενικήν.
1037 1089 1277 1187 Πατρωνυμικά
1302 1091 1373 1174 μὲν,

270 1201 349 1290 οίον,
388 1205 559 1304 Ἀτρείδης
597 1204 782 1304 Ἀτρείδαο,
816 1202 1069 1288 Τελαμωνιάδης
1106 1205 1375 1292 Τελαμωνιάδου,

271 1321 433 1408 Πηλείδης
453 1319 627 1406 ΙΙηλείδου·
652 1321 758 1393 τύπον
776 1319 810 1392 δὲ
829 1329 1088 1418 πατρωνυμικού,
1105 1322 1176 1394 οἷον
1193 1321 1376 1420 Εύριπίδης

185 1449 225 1516 5¹
243 1437 461 1538 ἢΕύριπίδου,
489 1436 679 1522 θουκυδίδης
708 1435 911 1518 θουκυδίδου,
946 1434 1138 1522 Μιλτιάδης
1168 1436 1376 1523 Μιλτιάδου,
1392 1475 1431 1512 ιο

270 1553 421 1654 Ἠριύδης
447 1552 610 1652 Ἡρώδου.
659 1553 792 1624 Ἰστίον
814 1551 849 1624 δί
868 1553 922 1623 καί
946 1559 1062 1636 τοῦτο,
1088 1554 1142 1625 ὅτι
1167 1552 1212 1626 τά
1239 1557 1282 1631 είς
1307 1584 1377 1625 μαι

269 1669 499 1770 πατρωνυμικά
524 1670 543 1754 h
568 1672 675 1742 τύπου
698 1675 948 1767 πατρωνυμικού
972 1670 1065 1756 ὄντα,
1087 1669 1174 1743 θελοι
1197 1672 1285 1767 ἔχειν
1305 1671 1376 1768 πρὸ

269 1793 331 1858 τού
348 1817 367 1858 ι
385 1787 404 1870 ίη
421 1783 463 1858 τά
482 1815 502 1858 κ
519 1785 538 1868 ύ
554 1781 598 1858 τά
621 1815 643 1857 ι.
695 1782 751 1855 Τά
769 1815 789 1856 κ
812 1783 881 1870 μὲν,
904 1781 973 1856 οίον
989 1783 1132 1869 Ἰλιάδης
1155 1782 1378 1870 Μενοιτιάδης

273 1897 479 2000 Λαερτιάδης
506 1897 683 1984 Πολυάδης
705 1898 935 1988 Ἀλκιβιάδης·
962 1898 1006 1971 τά
1027 1900 1062 1972 δὲ
1085 1933 1108 1985 1,
1130 1902 1200 1974 οίον
1222 1901 1378 1999 Ἡρώδης

271 2017 450 2118 Εύριπίδης
480 2015 670 2100 Θουκυδίδης
698 2014 854 2100 Αἰακίδης
884 2015 1069 2114 Πριαμίδης
1098 2017 1270 2115 Ἀτρείδης
1301 2018 1428 2112 ssat-15

271 2133 385 2220 λείδης·
411 2140 520 2207 ταῦτα
538 2132 572 2206 δὲ
588 2131 657 2232 πρὸ
673 2139 735 2206 τοῦ
751 2163 771 2204 ιι
787 2130 830 2205 τά
848 2163 860 2204 ι
877 2131 1022 2229 ἔχουσιν.

319 2249 459 2336 Ἐπειδὴ
476 2255 723 2348 πατρωνυμικού
743 2248 796 2320 καί
821 2249 933 2320 τύπου
951 2257 1198 2348 πατρωνυμικού
1216 2253 1380 2336 ἐμνήσθη-

271 2395 340 2450 μεν,
360 2363 512 2450 μάθωμεν
533 2365 571 2437 τί
594 2363 741 2463 διαφέρει
763 2363 809 2436 τά
835 2366 1065 2462 πατρωνυμικά
1090 2373 1156 2440 τῶν
1177 2370 1289 2440 τύπων
1309 2399 1380 2440 πα-

271 2487 483 2579 τρωνυμικῶν.
532 2480 666 2554 Ἰστίον
695 2479 750 2553 ύτι
782 2478 827 2553 τᾶ
857 2481 1088 2581 ποτρωνυμαᾶ
1118 2487 1161 2562 εἷς
1189 2483 1233 2557 τά
1263 2483 1329 2562 υἱός
1359 2487 1380 2570 ἦ

270 2599 405 2694 ίκγονος
428 2597 606 2684 διαλύεται,
630 2593 700 2670 οίον
724 2596 896 2690 Ἀτρείδης
918 2599 937 2668 ὁ
957 2605 1020 2671 τοῦ
1044 2597 1192 2697 Ἀτρέως
1208 2599 1283 2684 υίὸς,
1301 2601 1433 2686 1121-20

273 2715 378 2802 λείδης
400 2719 419 2790 ὁ
444 2723 506 2790 τοῦ
529 2715 666 2799 Πηλέως
691 2713 765 2800 υίὸς,
791 2711 838 2787 τά
862 2712 896 2785 δὲ
920 2715 1013 2806 τύπῳ
1037 2715 1268 2814 πατρωνυμικά
1294 2719 1380 2790 ὄντα

275 2833 364 2906 ούδίν
383 2839 536 2906 τοιοῦτον
560 2837 704 2930 ἔχουσιν,
730 2829 802 2904 ούδίι
827 2828 895 2930 γάρ
921 2829 1108 2904 διαλύονται
1134 2835 1177 2910 εἷς
1201 2831 1245 2904 τὸ
1270 2831 1336 2910 υίὸς
1358 2834 1379 2918 ἦ

274 2951 417 3044 ἔκγονος,
452 2945 521 3020 οίον
555 2945 721 3032 Πυλάδης,
751 2947 914 3048 Ἠριύδης,
949 2946 1150 3034 Θουκυδίδης,
1181 2949 1379 3047 Εύριτίδης,

276 3061 475 3149 Μιλτιάδης.
508 3063 627 3138 Ταῦτα
646 3063 714 3164 γάρ
732 3066 768 3136 ού
785 3065 996 3148 σημαίνουσιν
1011 3063 1079 3136 υἱὸν
1090 3063 1178 3143 τινάς
1194 3065 1213 3149 ίι
1229 3067 1380 3160 ἔκγονον,

275 3181 354 3254 ἄλλ’
371 3181 519 3266 ὀνόματα
536 3181 627 3280 κύρια
644 3182 718 3254 είσί.
1392 3221 1430 3280 ²5

325 3296 381 3372 Τά
399 3301 441 3377 είς
459 3329 502 3370 ιιι
520 3295 589 3372 άπδ
604 3295 758 3397 ῥημάτων
771 3298 921 3382 σύνθετο,
934 3299 1036 3396 κύρια,
1050 3300 1093 3376 είς
1111 3329 1170 3371 ατς
1185 3301 1299 3396 ἔχουσι
1315 3300 1381 3383 τὴν

275 3417 411 3511 γενικὴν,
439 3415 538 3515 χωρίς
568 3417 596 3487 εί
623 3415 668 3501 μί]
698 3415 871 3514 χαρακτὴρ
899 3416 1013 3510 κωλύῃ,
1040 3412 1110 3487 σίου
1136 3415 1231 3487 δεύκω
1261 3413 1381 3487 Πολυ-

274 3533 379 3618 δεύκης
401 3532 635 3620 Πολυδεύκους,
657 3531 742 3616 μὲδω
766 3531 930 3616 Διομήδης
955 3531 1146 3615 Διομήδους,
1171 3533 1274 3604 πείθω
1295 3533 1381 3604 Διο-

274 3649 386 3732 πείθης
420 3649 625 3733 Διοπείθους,
659 3650 765 3746 φαίνω
807 3645 1059 3746 Ἀριστοφάνης
1090 3647 1379 3747 Ἀριστοφάνους.

277 3763 483 3862 Ῑίρύσκειται
501 3764 664 3861 “κύριον,”
678 3760 729 3835 διά
742 3762 785 3837 τά
797 3769 898 3836 πωλῶ
911 3767 1130 3848 παντοπώλης
1142 3769 1381 3852 παντοπῶλου,
1392 3800 1433 3858 30

274 3885 385 3980 μετρῶ
402 3880 587 3978 γεωμέτρης
604 3881 800 3979 γεωμέτρου·
826 3887 934 3954 ταῦτα
953 3879 1021 3980 γάρ
1038 3884 1080 3959 είς
1096 3883 1156 3966 τὴν
1174 3913 1213 3955 οι
1231 3881 1382 3980 δίφθογ-

276 4026 338 4093 γον
354 3999 467 4095 ἔχουσι
484 3999 545 4082 τὴν
562 3999 698 4092 γενικὴν,
711 3998 790 4068 ἀλλ’
803 3999 858 4069 ούκ
874 3999 937 4069 είσί
953 3999 1056 4096 κύρια.
1090 3998 1298 4096 Πράσιιειται
1317 4009 1340 4040 “
1351 4003 1383 4071 εί

274 4145 320 4198 μη
349 4145 521 4258 χαρακτηρ
550 4117 681 4210 κωλύη,”
709 4111 829 4186 διά
789 4145 833 4186 το
866 4115 960 4213 κρίνω
990 4113 1162 4210 θεοκρίνης
1191 4114 1379 4211 θεοκρίνου·

275 4237 379 4304 τοῦτο
396 4229 464 4375 γάρ
481 4232 587 4330 κύριον
604 4233 678 4306 εστὶ
700 4233 752 4302 καί
774 4231 858 4316 ὅμως
883 4235 926 4309 είς
950 4263 1011 4316 την
1036 4261 1074 4302 ος
1096 4229 1328 4329 δίφθογγον’
1306 4265 1378 4331 εχει

273 4381 333 4432 την
350 4379 475 4442 γενικην
492 4355 540 4441 τῷ
556 4379 740 4448 χαρακτηρι
758 4353 824 4420 τῶν
839 4345 892 4418 διά
909 4355 972 4420 τοῦ
989 4379 1080 4420 muz.
1389 4383 1428 4442 ³5
