2972 5014
428 317 495 378 ΕΙΣ
515 317 572 377 ΤΟ
595 315 889 378 ONOMATIKON.
1144 311 1206 396 387

104 517 205 585 τερα,
217 489 258 565 ῶς
270 487 393 586 ε’έρητοι
410 483 583 568 πολλάκις,
597 485 764 584 πεφύκασι
778 486 926 579 γίνεσθαι
943 484 997 556 καὶ
1014 487 1057 562 εἷς
1070 513 1112 555 οι
1125 486 1208 578 (οι),

104 601 182 676 οἷον
203 611 307 701 γήρας
329 609 440 700 γήρας,
458 601 550 700 δέρας
568 601 668 700 δέρος,
690 605 772 678 κῶας
794 606 882 678 κῶος.
934 600 1005 671 Καὶ
1029 599 1137 684 εἰτειδή
1162 598 1209 672 τά

104 723 154 796 ἐἰς
177 751 216 790 οι
239 719 392 817 ου’δέτερα
417 717 469 792 διά
494 723 638 816 καθαροῦ
661 722 723 789 τοῦ
748 745 789 788 οι
813 716 988 798 κλίνονται,
1015 713 1085 788 οἷον
1106 716 1209 804 βέλος

103 830 237 922 βέλεοέζ
257 845 371 933 τεῖχος
394 834 531 931 τείχεος,
554 833 683 908 εἰκότας
707 832 760 902 καὶ
784 837 892 903 ταῦτα
916 833 1019 929 ἔσχον
1041 833 1207 930 ἀφορμήν,

103 953 150 1027 ῶς
167 951 319 1042 γινόμενα
335 950 387 1021 καὶ
409 953 452 1027 εἷς
469 979 523 1034 oz,
538 953 600 1021 τοῦ
623 949 710 1044 ἔχειν
734 945 879 1044 καθαρὰν
904 951 1040 1041 γενικήν.
1091 946 1148 1018 Τά
1173 945 1233 1030 δάε

104 1069 153 1143 εἷς
170 1097 190 1137 κ
207 1072 358 1160 λήγοντα
376 1065 540 1164 οὐδέτερα,
553 1063 661 1148 ἐπειδή
675 1065 712 1135 οὗ
728 1065 876 1157 γίνονται
894 1064 944 1135 καδ
962 1067 1005 1142 εἷς
1022 1096 1074 1151 οι,
1085 1067 1208 1139 τοότου

103 1179 208 1279 χάριν
229 1185 269 1260 ὡς
293 1183 338 1267 μή
359 1183 482 1279 ἔχοντα
506 1182 544 1253 τέ
567 1183 773 1264 μιμήσασθαι
798 1181 853 1250 οόκ
871 1176 1109 1268 ὀποβάλλουσι
1126 1179 1170 1253 τό
1187 1213 1208 1255 τ

100 1297 250 1374 Ἰωνικῶς
265 1297 350 1369 κατὰ
365 1299 426 1380 τήν
442 1297 576 1390 γενικήν,
594 1295 646 1366 καὶ
663 1299 780 1394 κρᾶσιν
791 1301 923 1367 ποιοῦσι
940 1301 1006 1369 τῶν
1018 1299 1208 1395 φωνηέντων

101 1411 283 1490 Ἀττικῶς.
332 1413 463 1485 Ἰστέον
480 1413 534 1485 ὅτι
556 1410 640 1489 τινές
657 1413 808 1484 θέλουσιν
823 1409 943 1506 ὀξόνειν
965 1414 1025 1497 τήν
1046 1413 1207 1500 Ἀττικήν

103 1529 233 1621 γενικήν
256 1533 322 1599 τῶν
346 1529 460 1610 ἑνικῶν,
485 1524 554 1600 οἷον
577 1533 640 1598 τοῦ
663 1527 769 1626 κρεῶς,
794 1533 857 1600 τοῦ
881 1527 998 1628 γηρῶς,
1023 1535 1086 1602 τοῦ
1110 1532 1255 1628 κερῶςιο

103 1641 265 1738 ὀξυτόνως
290 1642 456 1737 λέγοντες,
484 1643 538 1715 δτι
564 1642 632 1714 ἆτδ
657 1650 719 1714 τοῦ
742 1643 880 1739 κρέατος
904 1644 955 1714 καὶ
982 1649 1130 1742 γήρατος
1153 1649 1206 1718 καὶ

102 1761 245 1858 κέρατος
272 1761 426 1854 ε’γένοντο
455 1758 540 1831 κατὰ
570 1758 739 1852 συγκοσήν
768 1765 830 1830 τοῦ
855 1789 875 1829 ιι
905 1760 957 1830 καὶ
987 1759 1128 1857 τκρειδς
1154 1760 1207 1832 καὶ

103 1875 214 1973 γηρῶς
230 1875 281 1946 κοῒ
298 1875 395 1973 κερῶς
412 1873 463 1946 διά
480 1881 542 1946 τοῦ
558 1905 579 1945 ο
597 1872 754 1968 ὀξυτόνως
769 1879 819 1966 τῷ
834 1875 930 1967 λόγῳ
945 1879 1012 1946 τῶν
1024 1877 1067 1956 εἷς
1079 1905 1121 1946 αι
1135 1875 1206 1971 (οι)

102 1988 315 2078 δισυλλάβων
349 1996 488 2084 γενικῶν,
523 1987 593 2062 οἷον
625 1989 739 2086 ῶσπερ
772 1987 902 2088 πατρὸς
934 1989 1060 2088 μητρός
1092 1990 1207 2089 φωτός

100 2104 202 2190 μηνός
218 2105 315 2203 χηνδς
331 2105 447 2185 παιδδς
463 2103 611 2189 σπληνός
627 2103 703 2184 συός
720 2103 840 2203 φρενός
862 2104 977 2203 γραός,
1001 2107 1076 2204 περὶ
1102 2108 1155 2193 ῶν,
1178 2110 1208 2179 εἰ
1217 2138 1253 2201 15

102 2227 168 2313 θεῷ
185 2227 299 2319 φιλον,
316 2223 349 2293 έν
364 2232 436 2300 τοῖς
453 2223 561 2300 τόνοις
576 2221 804 2305 μαθησόμεθα.
831 2221 900 2292 Καὶ
917 2220 1038 2293 λοιτδν
1055 2225 1088 2293 οἱ
1103 2221 1208 2308 Ἀθη·

102 2347 187 2408 ναῖοι
210 2337 403 2416 έκτεένοντες
418 2336 462 2410 τό
479 2369 499 2409 ο
517 2340 560 2415 εἷς
577 2367 598 2408 ο
615 2335 784 2434 ἐφύλαξαν
799 2338 860 2420 τήν
876 2337 984 2432 ὀξεῖαν
1003 2335 1113 2424 τάσιν,
1136 2336 1207 2411 οἷον

100 2453 200 2550 κρεῶς
215 2454 323 2550 γηρῶς
339 2456 445 2552 κεριθς.
488 2453 549 2545 Τῷ
566 2453 601 2525 δὲ
614 2451 807 2549 Ἡρωδιανῷ
825 2455 862 2524 οδ
879 2453 965 2525 δοκεῖ
979 2460 1096 2538 τοῦτο,
1112 2454 1204 2528 ἁλλὰ

100 2573 210 2640 ταῦτα
238 2570 427 2667 βαρυτόνως
456 2567 585 2669 δοξάζει
620 2569 793 2662 λέγεσθαι,
823 2566 893 2640 οἷον
925 2576 987 2642 τοῦ
1018 2571 1115 2669 κρόκος
1143 2579 1206 2644 ταῶ

100 2687 210 2782 γήρως
233 2691 295 2758 τοῦ
318 2687 424 2785 κέρως,
446 2693 495 2778 τῷ
521 2686 617 2778 λόγῳ
637 2693 697 2768 τής
721 2686 929 2782 συναιρέσεως
951 2693 1010 2769 τῆς
1033 2688 1204 2780 γενομένης
1214 2721 1252 2762 σο

99 2797 171 2870 εἰττό
188 2799 293 2895 ὀξείας
308 2802 361 2872 καὶ
378 2800 433 2872 δόο
450 2803 590 2897 βαρειῶν
606 2804 650 2880 εἷς
667 2799 774 2896 ὀξεῖαν
790 2803 938 2899 βαρεῖαν,
953 2805 993 2880 ὡς
1009 2803 1203 2900 προείρηται

100 2915 259 3014 άνωτέρα,
277 2913 346 2988 οἷον
361 2917 475 3016 κρέαος
497 2917 602 3015 κρέως,
621 2922 745 3015 γήραος
762 2921 880 3015 γήρως,
896 2915 1009 3015 ῶσπερ
1027 2917 1203 3000 Δημοσθέ-

101 3060 169 3107 νεος
186 3032 423 3117 Δημοσθένους,
441 3032 621 3116 Διομήδεος
638 3031 829 3116 Διομήδους.
865 3033 1040 3130 Κέχρηται
1057 3032 1091 3104 δὲ
1107 3033 1204 3127 λόγῳ

99 3147 251 3237 τοιοότιρ·
281 3149 311 3218 α’
333 3146 368 3219 δὲ
391 3147 529 3241 λέγεται
555 3149 726 3242 συγκοσήν
748 3153 946 3243 γεγενῆσθαι
971 3151 1004 3221 έν
1026 3156 1071 3245 τῇ
1093 3151 1202 3246 γενική

99 3267 144 3356 ’τή
175 3261 282 3359 κρέως,
313 3261 438 3360 ῶφειλε
471 3264 623 3355 συγκοτή
657 3264 809 3357 γενέσθαι
843 3266 896 3335 καὶ
933 3265 966 3334 έν
998 3270 1041 3358 τῇ
1077 3263 1200 3358 δοτική·
1212 3301 1248 3360 ²⁵

99 3377 245 3450 καθόλου
261 3376 330 3476 γάρ
346 3382 441 3450 τᾶσα
459 3380 567 3471 γενική
586 3379 839 3472 συγκοπτομένη
859 3380 928 3476 ἔχει
953 3380 1005 3450 καὶ
1031 3380 1092 3462 τήν
1112 3378 1203 3452 δοτι-

100 3495 156 3577 κήν
185 3496 466 3587 συγκοπτομένηυ,
495 3491 564 3564 οἷον
592 3495 737 3592 πατέρος
771 3494 899 3593 πατρὸς
933 3496 1053 3592 πατέρι
1083 3495 1201 3592 πατρὶ,

99 3608 241 3706 μητέρος
264 3607 389 3706 νητρόι
412 3609 528 3705 μητέρι
553 3610 665 3706 μητρὶ,
684 3610 876 3707 Δημήτερος
893 3611 1071 3708 Δήμητρος
1088 3611 1202 3694 Δημή-

99 3754 171 3821 τερι
193 3727 356 3824 Δήμητρι,
374 3725 485 3822 ἀνέρος
506 3722 621 3822 ἀνδρὸς
647 3725 734 3822 ὀνέρι
760 3725 864 3824 ιἰνδρὶ,
888 3727 1072 3824 θυγατέρος
1098 3731 1201 3820 θυγα-

99 3838 179 3936 τρδς
201 3841 357 3937 θυγατέρι
382 3840 534 3937 θυγατρί·
560 3841 590 3910 ει’
610 3837 664 3910 οδν
686 3845 735 3932 τῷ
755 3841 867 3938 κρέατι
884 3844 903 3924 ή
921 3839 1033 3926 δεκτική
1049 3839 1248 3941 διτάρχον3ο

100 3957 137 4026 οό
161 3955 293 4054 δέχεται
318 3956 488 4050 συγκοτήν
513 3961 574 4026 τοῦ
598 3984 619 4026 κ
644 3955 697 4026 καὶ
723 3962 786 4026 τοῦ
810 3987 839 4039 τ,
865 3956 935 4028 ἐπεὶ
963 3958 1036 4055 κρεῖ
1060 3963 1200 4042 ήμιλλεν

100 4067 187 4152 εἶναι,
214 4072 276 4143 νυνῖ
302 4069 336 4142 δὲ
359 4071 454 4168 κρέαϊ
474 4070 576 4152 ἐστὶν,
595 4069 650 4140 οόκ
671 4067 737 4168 ἄρα
757 4069 792 4142 δέ
814 4070 887 4144 οὖδδ
902 4076 921 4155 ή
937 4073 1075 4171 κρέατος
1091 4073 1199 4166 γενική

100 4185 230 4258 δόναται
248 4187 417 4281 συγκοπήν
433 4183 651 4280 ἀναδέξασθαι
668 4192 730 4258 τοῦ
746 4217 766 4258 Α
783 4188 913 4259 καὶτοῦ
929 4217 958 4272 τ,
975 4189 1028 4259 καὶ
1045 4189 1197 4281 γενέσθαι

99 4308 161 4375 τοῦ
189 4300 280 4401 κρεός
310 4301 476 4398 ὀξυτόνως,
505 4302 648 4375 κάκεῖθεν
676 4308 738 4374 τοῦ
769 4303 866 4399 κρεῶς
894 4303 1011 4388 ὁμοίως
1040 4301 1198 4400 ὀξυτόνως

601 4433 696 4501 3n2
