2954 5024
261 271 325 334 ιιι
560 257 767 317 τοουτιοτ
790 258 1091 318 κοιεοοουκαι

263 436 393 519 ηγείται
413 431 537 522 φωνῆεν
550 433 612 496 τοῦ
630 457 660 506 z,
673 425 817 497 τότετὸ
836 457 857 497 ι
873 427 927 496 καί
947 457 967 496 A
986 431 1031 502 εἰς
1049 457 1072 496 ει
1089 427 1142 495 καί
1159 429 1205 501 εἰς
1225 455 1245 495 A
1267 424 1405 519 μακρὸν

264 543 442 639 κίρνανται,
470 538 541 610 οίον
568 542 688 636 εὐφυέα
719 543 825 638 αἰφυᾶ
850 541 903 610 καί
934 543 1049 637 εὖφνῆ,
1080 541 1189 637 ιἰφυέα
1215 541 1321 635 κἰφυᾶ
1349 540 1405 608 καί

266 657 367 752 ἆφνῆ,
385 657 479 748 ἰνγιέα
503 658 579 747 ὖγιῆ
603 658 656 725 καί
680 659 771 747 ὑγιᾶ.
822 655 909 726 Ἐπί
935 654 991 726 οὖν
1012 663 1076 726 τοὶἰ
1090 655 1281 752 Ἐρετριέα
1299 655 1411 750 Ἐρε-Ι
1459 719 1460 748 γ

266 773 346 866 τριᾶ
371 771 424 839 καί
444 769 586 867 Πειρεέα
604 770 733 866 Πειρεᾶ
757 771 937 868 (Πειραιέα
964 770 1128 866 Πειραιεῖ)
1154 772 1209 840 καί
1233 771 1404 867 Στειριέα
1459 765 1460 852 Ῐ

269 885 408 982 Στειριᾶ
421 887 464 961 εἰς
480 916 499 955 A
512 885 616 967 μόνως
626 887 761 977 ἐγένετο
775 890 793 968 ῆ
806 889 933 982 κρᾶσις,
944 885 1053 956 οὖκέτι
1067 885 1103 956 δὲ
1114 887 1168 954 καί
1179 888 1224 962 εἰς
1235 916 1275 971 ετ,
1286 887 1427 966 κοίταις
1459 915 1460 966 3

269 1003 453 1096 φωνήεντος
469 1001 721 1096 προηγουμένου
736 1007 800 1072 τοῦ
817 1032 848 1071 ιι.
900 1001 1022 1070 Ταῦτα
1038 999 1099 1084 μὲν
1115 1003 1150 1070 ε’ν
1166 1003 1322 1079 τούτοις.
1459 983 1460 992 ¹

309 1111 439 1208 Ἀξιαν
475 1115 581 1186 ἰέστί
600 1113 753 1214 ζητῆσαι,
771 1115 824 1186 διὰ
842 1117 943 1186 ποίαν
959 1117 1072 1187 αἰτίαν
1088 1118 1144 1186 ε’·τί
1162 1119 1298 1188 τούτων
1316 1120 1399 1193 εἰςι

270 1230 374 1314 μόνως
396 1231 531 1323 ἐγένετο
554 1233 705 1326 ῆκρᾶσις
729 1237 793 1300 τοῦ
809 1261 830 1301 A
849 1231 901 1324 (A)
919 1233 972 1301 καί
994 1261 1024 1313 A,
1042 1231 1152 1302 οὐκέτι
1171 1231 1207 1302 δὲ
1223 1233 1281 1302 καί
1300 1235 1348 1307 εἰς
1366 1260 1399 1300 α.
1459 1241 1460 1286 ἒ

165 1368 227 1416 120
242 1345 344 1416 bKal
371 1347 511 1437 λέγουσι
538 1345 623 1422 τινές
645 1346 769 1428 ταύτην
793 1347 855 1428 τῆν
880 1347 1086 1438 ἀπολογίαν·
1115 1347 1170 1416 ὅτι
1197 1349 1237 1417 ὃν
1261 1347 1399 1442 τρόπον

272 1461 431 1542 έποίησαν
447 1464 565 1558 κρᾶσιν
581 1463 638 1531 οὒκ
664 1459 733 1531 ἆπίν
758 1470 818 1544 τῆς
842 1471 947 1544 κοινῆς
973 1469 1109 1553 γενικῆς,
1126 1470 1187 1544 τῆς
1212 1460 1267 1534 διὰ
1292 1467 1358 1532 τοῦ
1378 1488 1435 1529 κιο

274 1575 326 1648 καί
354 1607 385 1660 ο,
411 1577 487 1647 ἀλλ’
516 1575 585 1647 ἀπὸ
610 1586 669 1660 τῆς
688 1576 853 1658 Ἀττικῆς
877 1587 937 1660 τῆς
968 1575 1021 1647 διὰ
1051 1584 1115 1649 τοῦ
1143 1608 1164 1648 κ
1188 1579 1243 1647 καί
1272 1609 1309 1658 α,
1327 1575 1396 1647 οἷον

276 1693 454 1792 Πειραιέως
471 1693 646 1792 Πειραιῶς,
662 1694 861 1790 Ἐρετριέως
877 1692 1072 1789 Ἐρετριῶς,
1090 1692 1268 1790 Σπειριέως
1297 1693 1395 1762 Στει-

274 1813 359 1905 ριῶς,
376 1807 437 1879 τὸν
454 1806 553 1878 αιἰτὸν
569 1807 699 1903 τρόπον
716 1809 749 1878 έν
764 1813 810 1900 τῆ
829 1810 997 1900 αἰτιατικῇ
1025 1809 1082 1876 οὐκ
1107 1805 1178 1877 ιἰπίι
1203 1816 1264 1890 τῆς
1291 1814 1393 1888 κοινῆς

276 1924 459 2006 αἰτιατικῆς
484 1922 642 2005 ἐποίησαν
658 1924 718 2005 τῆν
735 1926 864 2018 κρᾶσιν,
880 1923 1041 1995 τουτέστι
1066 1931 1126 2005 τῆς
1152 1923 1296 2018 ε’χοόσης
1311 1921 1356 1994 τὸ
1373 1951 1390 1990 ι
1459 1967 1460 2018 γ

276 2037 501 2123 ἐκτεταμένον,
535 2039 587 2108 καί
621 2036 743 2108 λοιπόν
771 2039 915 2130 εόλόγως
949 2040 993 2113 εἰς
1028 2068 1048 2107 A
1082 2037 1184 2120 μόνον
1211 2039 1349 2132 ἐγένετο
1374 2040 1428 2120 ῆι,μ
1459 2053 1460 2106 1

278 2157 403 2250 κρᾶσις.
456 2152 512 2224 Τὰ
538 2152 607 2252 γὰρ
633 2153 856 2249 ἆναιίεχόμενο
881 2157 1000 2250 κρᾶσιν
1016 2160 1078 2225 τοῦ
1102 2185 1122 2224 ε
1148 2154 1202 2224 καί
1223 2183 1243 2224 A
1261 2157 1307 2230 εἰς
1324 2152 1390 2232 nd!

279 2271 322 2346 εἰς
354 2299 373 2340 A
398 2271 451 2340 καί
478 2271 521 2346 εἰς
551 2299 571 2338 A
601 2267 736 2364 μακρὸν,
764 2269 833 2366 πρὸ
862 2278 921 2351 τῆς
953 2267 1098 2368 κρόσεως
1128 2272 1390 2354 συνεσταλμένον

280 2383 395 2479 έχουσι
412 2383 455 2456 τὸ
473 2413 505 2468 A,
522 2390 621 2477 ἤγουν
637 2384 699 2456 τὸν
715 2387 821 2478 ὑγιέα,
838 2385 901 2457 τόν
917 2387 1048 2482 εὐφυέα.
1075 2386 1161 2456 ’Eri
1181 2388 1313 2458 τούτων
1330 2384 1390 2468 οὖν,

283 2501 370 2598 φημί
389 2501 425 2584 δῆ
442 2507 503 2571 τοῦ
519 2500 691 2598 Ἐρετριᾶ,
705 2503 863 2599 Πειραιᾶ,
875 2503 1028 2597 Στειριᾶ,
1041 2505 1085 2579 εἰς
1103 2531 1123 2573 A
1141 2503 1245 2587 μόνως
1261 2503 1389 2595 ἐγένετο

284 2619 443 2711 ῆκρᾶσις·
469 2615 514 2688 τᾶ
533 2614 601 2714 γὰρ
618 2616 840 2714 ἇναιίεχόμενα
857 2621 975 2714 κρᾶσιν
997 2624 1059 2688 τοῦ
1083 2649 1103 2688 ιι
1126 2619 1180 2688 καί
1199 2649 1221 2690 A
1238 2623 1282 2696 εἰς
1300 2647 1322 2688 n
1340 2621 1427 2710 (A)20

284 2732 334 2804 καί
359 2765 375 2804 A
402 2733 566 2830 [μακρὸν,]
589 2732 657 2830 πρὸ
681 2742 740 2816 τῆς
765 2732 909 2831 κράσεως
925 2732 1051 2830 μακρὸν
1076 2734 1180 2818 έστίν,
1198 2736 1328 2811 εἰκότως
1349 2736 1389 2810 εἰς

286 2879 306 2920 A
323 2850 425 2932 μόνως
442 2849 603 2942 γίνεταιῆ
626 2851 752 2943 κρᾶσις,
771 2849 876 2918 οιίκέτι
904 2847 938 2916 δὲ
963 2847 1016 2917 καί
1036 2852 1079 2924 εἰς
1105 2877 1138 2918 α.
1191 2849 1312 2920 Ταῦτα
1336 2847 1389 2930 μὲν

286 2967 318 3036 έν
334 2965 477 3040 τούτοις.

335 3079 465 3150 Ἰστέον
483 3077 517 3149 δέ
542 3078 595 3149 ὅτι
621 3081 676 3148 οὑκ
697 3080 771 3150 ἔστι
797 3078 1106 3170 κατονογκαστικός
1127 3082 1146 3148 ὁ
1163 3080 1271 3170 λόγος
1287 3075 1384 3152 οὗτος·

288 3192 451 3272 πολλάκις
476 3195 656 3292 εὑρίσκεται
683 3193 726 3265 τὸ
751 3225 770 3266 ιε
789 3195 841 3264 καί
867 3224 885 3263 A
911 3191 1037 3290 μακρόν
1054 3195 1097 3270 εἰς
1114 3223 1138 3263 ιι
1154 3191 1336 3290 κιρνάμενα,
1351 3195 1423 3282 ὢςι5

289 3315 342 3388 έπί
359 3318 421 3386 τοῦ
438 3311 584 3408 Ἐρμέας
598 3309 737 3405 Ἑρμῆς,
757 3310 891 3386 Σωσίας
909 3310 1036 3391 Σωσῆς.
1067 3309 1154 3380 Ἰδοὺ
1172 3309 1241 3404 γὰρ
1259 3311 1386 3379 ἐνταῦθα

289 3431 334 3505 τὸ
352 3463 371 3505 ιι
388 3431 440 3502 καί
465 3460 485 3501 A
507 3425 630 3527 μακρὸν
654 3428 696 3503 εἰς
724 3455 745 3494 n
767 3427 944 3523 κίρνανται.
997 3424 1052 3496 Τό
1079 3423 1148 3522 γὰρ
1170 3424 1316 3521 Ἑρμέας
1338 3424 1383 3494 καί

292 3549 425 3626 Σωσέας
450 3544 574 3642 μακρὸν
600 3546 714 3641 έχουσι
741 3539 784 3612 τό
813 3570 846 3627 A,
873 3537 992 3621 ἐπειδὴ,
1016 3543 1055 3616 ὡς
1082 3537 1246 3622 ἐμάθομεν
1268 3541 1299 3610 έν
1321 3550 1383 3614 τοῖς

292 3665 519 3763 προλαβοῦσι,
534 3660 579 3732 τὰ
597 3663 639 3738 εἰς
657 3689 697 3730 Az
718 3654 871 3755 ἀρσενικὰ
888 3657 1058 3754 βαρίπονα
1079 3653 1205 3752 μακρὸν
1221 3656 1330 3751 ἔχουσι
1344 3651 1382 3725 τὸ

294 3811 325 3862 A,
344 3777 412 3850 οἷον
429 3777 527 3864 Α’ίας,
547 3777 646 3857 θόας,
667 3775 817 3871 κοχλίας,
835 3771 976 3852 Αἰνείας,
995 3773 1106 3865 γίγας,
1126 3768 1280 3868 Κόλχος,
1296 3771 1419 3867 χωρίςςο

295 3901 357 3970 τοῦ
380 3896 484 3988 μέγας
510 3899 571 3963 τοῦ
594 3891 759 3976 ἐπιθέτου,
786 3889 838 3958 καί
864 3893 925 3958 τοῦ
946 3884 1031 3964 λείας
1055 3893 1117 3960 τοῦ
1138 3893 1379 3985 προσηγορικοῦ,

296 4012 347 4086 καί
374 4017 435 4083 τοῦ
456 4007 542 4086 Αἰας
566 4006 658 4105 παρὰ
678 4005 856 4088 Ἀλκμᾶνι.
909 4002 956 4072 Τί
979 4001 1031 4074 οιίν
1049 4001 1180 4074 ι’ίτοπον
1196 4003 1248 4072 καί
1265 4003 1313 4072 ε’πί
1327 4007 1380 4072 τοῦ

297 4127 472 4228 Ἐρετριέα
503 4124 678 4224 Ἐρετριᾶ,
711 4123 764 4194 καί
800 4119 954 4217 Πειραιέα
982 4119 1136 4215 Πειραιᾶ,
1162 4119 1214 4188 καί
1246 4117 1378 4214 Στειριέα

300 4249 449 4344 Στειριᾶ,
467 4247 495 4316 εἰ
519 4243 570 4313 καί
597 4239 665 4312 ἀπὸ
692 4248 749 4322 τῆς
775 4237 934 4320 Ἀττικῆς
955 4238 1146 4316 αἰτιατικῆς,
1166 4234 1252 4330 φημί
1276 4231 1309 4316 ἰῆ
1329 4241 1378 4316 τῆς

299 4364 435 4464 ἐχούσης
452 4360 494 4435 τὸ
513 4391 532 4431 A
550 4357 771 4440 ἐκτεταμένον,
789 4355 922 4447 ἐγένετο
940 4357 958 4434 ῆ
975 4355 1098 4447 κρᾶσις,
1118 4349 1267 4444 γενέσθαι
1284 4349 1327 4418 καί
1341 4351 1376 4423 εἰς
1382 4381 1410 4437 35
