2972 5014
279 287 345 362 374
570 275 774 338 rml’rlffl
795 274 1099 337 xolponozmr

281 442 464 544 βαρβάρων
480 446 668 545 εόρῆματα;
696 444 829 518 Ἔστιν
852 443 907 517 σόν
926 447 1040 530 εἰπεῖν,
1063 446 1122 518 ότι
1149 448 1191 518 αιί
1216 445 1272 519 διὰ
1300 452 1415 518 τοῦτο
1478 511 1479 522 ,

281 563 381 650 μόνον
411 563 578 660 εἰρήκαμεν
601 559 647 634 τὰ
674 562 824 646 ὀνόματα
849 567 916 634 τῶν
941 563 1123 659 στοιχείων
1146 563 1195 647 μὴ
1221 564 1416 639 κλίνπθσι,
1478 567 1479 574 ¹

281 676 373 752 ἀλλὰ
390 678 443 750 καί
460 676 498 750 δι’
510 675 617 756 όλλας
634 675 815 776 διαφόρους
832 678 950 756 αἰτίας.
982 676 1099 750 Πόλιν
1117 679 1290 776 ἀποροῦσι
1310 677 1417 764 τινὲς,
1478 705 1479 770 ς

281 795 447 889 λέγοντες,
478 794 534 866 ὅτι
569 793 667 878 διατί,
693 793 808 893 οἰσπερ
841 791 886 866 τό
915 792 1042 894 Ξέρξης
1075 793 1264 893 βόρβαρον
1300 797 1416 878 ὄνομα

282 911 396 998 δμοιον
413 911 587 1005 γενόμενον
601 915 651 1002 τῷ
664 907 785 1009 Χρίσῃ
802 911 856 982 καί
870 909 991 1008 Πέρσῃ
1007 913 1128 996 ὁμοίως
1143 913 1262 988 αὐτοῖς
1276 913 1440 994 ἐκλίθη,5

282 1025 409 1127 Ξέρξου
434 1025 503 1127 γὰρ
528 1029 569 1106 ὡς
594 1025 733 1124 Χρύσου
754 1027 807 1098 καί
833 1025 1045 1125 Πέρσου,μῆ
1068 1025 1130 1100 τόν
1146 1026 1415 1126 αὐτὸντρόπον

282 1146 470 1228 καὶταῦτα,
488 1143 576 1243 φημὶ
593 1141 630 1226 δίς
646 1141 690 1215 τό
707 1143 826 1241 πέπερι
849 1143 903 1214 καί
921 1140 967 1214 τὰ
993 1142 1094 1226 ὅμοια
1117 1141 1300 1241 βάρβαρα,
1322 1145 1411 1215 ὄντα

283 1261 382 1348 δμοια
406 1266 456 1353 τῷ
479 1259 602 1345 μέλιτι,
620 1259 675 1330 οιίκ
699 1259 876 1341 έκλίθησαν
902 1255 954 1329 διὰ
980 1263 1043 1330 τοῦ
1063 1287 1127 1328 τοι
1149 1259 1272 1342 ὁμοίως
1289 1260 1409 1350 αὐτῇ

274 1377 405 1450 Ἔστιν
422 1373 476 1448 οόν
492 1377 601 1458 εἰπεῖν,
616 1374 750 1446 ὅτιτῶν
765 1371 950 1473 βαρβάρων
966 1373 1020 1445 καί
1033 1373 1179 1470 ἐχόντων
1197 1384 1408 1472 χαρακτῆρα

282 1487 491 1574 Ἑλληνικόν,
508 1487 628 1574 τὰμὲν
645 1489 817 1583 ιἰναλόγως
832 1486 1049 1572 κλίνεται,τᾶ
1067 1487 1102 1563 δὲ
1118 1490 1167 1560 οὗ.
1219 1487 1313 1560 Ἰδοὺ
1331 1487 1405 1584 γὰρ
1420 1520 1451 1558 ιο

283 1609 333 1680 έτι
352 1606 494 1704 Μέμφις
516 1607 568 1678 καί
587 1605 763 1690 Ταμίαθις,
783 1604 863 1696 (εἰσί
889 1604 925 1678 δὲ
951 1611 1061 1681 ταῦτα
1087 1605 1240 1688 ὀνόματα
1266 1605 1404 1676 πόλεων

286 1723 493 1817 Αἰγίπαν)
523 1722 576 1794 καί
601 1719 645 1792 τό
669 1719 728 1804 μέν
752 1719 895 1818 Μέμφις
921 1721 1093 1812 ἀναλόγως
1116 1721 1279 1806 κλίνεται,
1297 1721 1403 1804 Μέμ·

175 1847 232 1913 181
251 1838 384 1938 δφιδος
407 1836 486 1937 γὰρ,
506 1836 619 1934 οἵσπερ
638 1835 785 1913 θέτιδος·
811 1834 856 1908 τό
880 1835 915 1908 δὲ
938 1835 1105 1919 Ταμίαθις
1129 1833 1179 1918 οιί,
1198 1835 1402 1920 Ταμιόθεως

287 1950 366 2049 γόρ.
415 1951 546 2024 Ἰστέον
564 1950 598 2024 δὲ
614 1951 669 2023 ὅτι
685 1959 820 2048 μονῆρες
836 1951 912 2022 έστί
929 1947 972 2022 τό
993 1949 1071 2033 μέλι
1094 1947 1148 2020 διὰ
1164 1955 1228 2020 τοῦ
1245 1979 1308 2022 τοι
1326 1959 1402 2022 κλι-

286 2069 427 2153 νόμενον,
455 2067 510 2140 οἰκ
535 2069 609 2140 ἔστι
636 2062 706 2163 γὰρ
729 2068 772 2143 εἰς
798 2096 808 2136 ι
835 2074 944 2158 λῆγον
969 2064 1139 2162 οὐδέτερον
1165 2061 1218 2136 διὰ
1244 2072 1309 2136 τοῦ
1336 2096 1400 2137 τοι
1415 2093 1444 2150 ¹5

284 2183 481 2267 κλινόμενον,
507 2185 537 2256 εἰ
559 2183 603 2268 μίς
629 2188 734 2254 τοῦτο
758 2183 860 2265 μόνον
884 2183 938 2254 καί
960 2179 1006 2253 τὰ
1029 2184 1118 2277 πορ’-
1132 2179 1217 2252 αὐτὸ
1237 2180 1399 2265 δηλονότι

284 2299 436 2383 σύνθετα,
471 2295 541 2372 οἰον
574 2297 719 2382 ἆπόμελι
754 2297 974 2382 ἆπομέλιτος,
1007 2295 1145 2392 δξόμελι
1180 2296 1397 2392 ὀξυμέλιτος,

285 2414 499 2512 είκρατόμελι
517 2413 803 2512 εόκρατομέλιτος,
824 2413 969 2498 οἰνόμελι
987 2414 1207 2498 οἰνομέλιτος·
1233 2413 1278 2487 τό
1294 2417 1399 2486 λιτό-

284 2559 390 2628 πατρι
407 2535 468 2602 τοῦ
484 2527 738 2627 λιποπότριδος,
755 2531 808 2602 καί
825 2528 868 2602 τὸ
891 2529 1069 2628 φνγόπολι
1086 2535 1149 2601 τοῦ
1165 2530 1395 2626 φυγοτόλιος,

285 2644 338 2717 καί
354 2641 398 2718 τδ
414 2646 452 2719 τί
466 2643 564 2730 τινός,
582 2651 647 2718 τῶν
663 2646 837 2743 ἆρσενικῶν
852 2645 913 2728 τὴν
929 2645 1039 2718 κλίσιν
1055 2643 1238 2742 ε’φιίλαξαν,
1252 2646 1342 2743 φημί
1361 2646 1396 2718 δὲ
1406 2679 1443 2716 20

285 2767 348 2834 τοῦ
371 2763 390 2834 ό
413 2761 618 2861 λιτότατρις
642 2768 704 2833 τοῦ
727 2756 983 2859 λιποπότριδος,
1000 2761 1053 2832 καί
1074 2767 1136 2834 τοῦ
1159 2761 1395 2858 ὁφυγόπολις

285 2883 347 2950 τοῦ
376 2877 599 2976 φυγοπόλιος,
619 2877 672 2948 καί
700 2877 805 2949 τοῦό
835 2876 887 2954 τὶς
911 2881 973 2947 τοῦ
997 2875 1097 2952 τινός.
1140 2873 1300 2972 Ἐχομεν
1322 2877 1393 2976 γὰρ

285 2993 444 3091 όνωτέρω,
462 2993 516 3064 ὅτι
537 2997 604 3064 πᾶν
621 2991 790 3090 οὐδέτερον
807 2990 875 3064 ἀπὸ
900 2992 1071 3089 ιἰρσενικοῦ
1094 2994 1320 3084 γεγενημένον,
1338 2995 1394 3078 διι-
1478 2987 1479 3036 ¹

283 3107 400 3179 λονότι
423 3105 509 3179 κατὰ
540 3104 883 3206 παρασχηματισμόν,
909 3109 969 3190 τὴν
994 3113 1057 3180 τοῦ
1082 3108 1254 3206 ἀρσενικοῦ
1281 3111 1391 3182 κλίσιν

285 3221 482 3321 ἐπιδέχεται,
500 3223 569 3296 οἰον
591 3225 610 3294 ὁ
636 3221 747 3322 σοφός
768 3229 832 3295 τοῦ
859 3228 973 3321 σοφοῦ
995 3228 1044 3314 τῷ
1070 3230 1183 3320 σοφῷ,
1207 3223 1251 3296 τό
1277 3226 1433 3324 σοφόνις

284 3346 349 3412 τοῦ
364 3346 479 3438 σοφοῦ
494 3347 543 3432 τῷ
559 3346 669 3439 σοφῷ,
687 3341 706 3410 ὁ
723 3337 824 3417 καλός
839 3345 902 3411 τοῦ
926 3346 1029 3411 καλοῦ
1044 3347 1094 3431 τῷ
1110 3347 1210 3432 καλῷ,
1227 3339 1272 3412 τό
1288 3342 1390 3414 καλὸν

285 3461 347 3527 τοῦ
362 3461 465 3528 καλοῦ
480 3462 529 3547 τῷ
546 3462 647 3546 καλῷ,
663 3456 682 3526 ὁ
700 3456 824 3553 χαρίεις
840 3462 902 3526 τοῦ
918 3457 1090 3554 χαρίεντος
1106 3463 1155 3546 τῷ
1171 3458 1388 3554 χαρίεντι,τό

284 3575 398 3671 χαρίεν
413 3580 475 3646 τοῦ
500 3574 670 3672 χαρίεντος
694 3579 743 3666 τῷ
769 3575 965 3671 χαρίεντι,ό
988 3574 1092 3670 ταχὺς
1116 3579 1179 3644 τοῦ
1200 3575 1324 3671 ταχέας
1339 3583 1386 3667 τῷ

284 3699 392 3786 ταχεῖ,
409 3687 452 3761 τό
468 3689 558 3787 ταχὺ
574 3695 636 3762 τοῦ
650 3690 773 3786 ταχέας
792 3695 843 3780 τῷ
864 3699 976 3786 ταχεῖ.
1029 3686 1152 3762 Πόντα
1178 3689 1213 3760 δέ
1238 3689 1283 3761 τό
1309 3695 1351 3768 εἰς
1374 3723 1383 3764 ι

284 3807 435 3897 λήγοντα
453 3804 607 3903 οὐδέτερα
627 3803 734 3902 [ἀπὸ]
753 3804 931 3902 ἆρσενικοῖς
957 3807 1302 3901 παρεσχηματισμένα
1319 3807 1385 3878 ἆτό
1392 3841 1427 3896 30

284 3919 443 3993 συνθέτων
460 3919 633 4015 ἆρσενικῶν
650 3923 712 3992 εἰσι
731 3920 941 4012 γεγενημένα,
954 3916 1025 3990 οἷον
1042 3921 1141 3998 πόλις
1157 3922 1176 3990 ὁ
1194 3921 1385 4016 φνγόπολις

283 4035 327 4108 τδ
345 4034 531 4133 φυγόπολι,
549 4035 670 4133 πατρὶς
686 4036 705 4105 ὁ
724 4035 932 4133 φιλόπατρις
953 4031 997 4106 τό
1022 4035 1228 4133 φιλόπατρι,
1246 4033 1342 4134 χόρις
1365 4041 1383 4108 ὁ

284 4153 413 4250 α’ίχαρις
428 4149 471 4225 τδ
488 4153 613 4249 είίχαρι,
630 4150 729 4248 χωρίς
751 4157 813 4222 τοῦ
834 4151 881 4235 τί,
898 4157 1002 4222 τοῦτο
1029 4148 1098 4246 γὰρ
1124 4149 1193 4223 ιἰπδ
1218 4151 1383 4248 ἆρσενικοίί

285 4271 397 4340 ιίπλοῦ
421 4273 483 4339 τοῦ
505 4267 557 4344 τίς
582 4265 713 4360 γέγονε,
732 4267 807 4362 περὶ
824 4267 861 4337 οὗ
885 4268 918 4338 έν
934 4275 1006 4342 τοῖς
1022 4267 1201 4362 ἁρσενικοῑς
1217 4267 1249 4338 έν
1265 4275 1309 4362 τῇ
1326 4277 1382 4342 τοῦ
