2966 5014
382 355 449 415 ΕΙΣ
471 355 527 416 ΤΟ
549 354 842 416 ΟΝΟΜΑΤΙΚΟΝ.
1097 367 1157 434 145

43 526 171 607 ἐκλίθη.
213 523 270 594 Τὰ
287 522 356 621 γὰρ
373 527 415 601 είς
432 553 476 594 τε
493 522 614 606 θηλυκά
631 532 791 616 μονογενῆ
809 522 860 596 διὰ
877 530 940 596 τοῦ
955 553 1016 594 τοι
1033 524 1158 595 κλίνον-

43 672 116 728 ται,
134 639 213 712 οἷον
230 641 326 723 ἔσθῆς
343 642 493 728 ε’σθῆτος,
510 641 616 722 ποτῆς
631 647 791 723 ποτῆτος,
814 646 868 730 [ΙΙ.
886 639 929 711 λ’.
949 641 1038 732 779.]

218 758 338 828 αίδυιῆος
352 755 486 830 (ε’δητιίος)
503 756 548 828 ἠδὲ
561 759 682 827 ποτῆτος,

43 853 216 942 (σημαίνει
234 852 269 924 δὲ
284 855 344 937 τῆν
361 854 488 949 πόσιν,)
505 854 653 938 ποιότης,
670 855 860 937 ποιότητος,
884 853 1028 952 φιλότης
1053 856 1157 953 φιλό·

41 1000 158 1053 τητος,
176 971 320 1054 κακότης
344 969 534 1054 κακότητος.
577 968 693 1048 Οίίτως
719 968 772 1042 οὖν
796 969 849 1040 καί
875 969 1004 1053 Μένδης
1027 969 1179 1056 Mem-5

42 1115 111 1166 τος,
129 1086 190 1156 καὶ
217 1083 351 1181 Πόρνης
372 1081 561 1182 Πάρνητος,
578 1085 631 1156 καὶ
649 1083 825 1184 Πάρνηθος
847 1086 928 1178 [καί]
949 1083 1034 1158 κατὰ
1054 1084 1156 1170 μετά-

44 1205 135 1272 θεσιν
152 1207 223 1274 τοῦ
239 1231 260 1272 τ
276 1203 318 1277 είς
336 1230 368 1272 0.
395 1199 602 1298 Πρόσκειτοι
622 1205 833 1296 “μονογενῆ”
856 1199 908 1272 διὰ
934 1201 977 1274 τὸ
1001 1204 1155 1302 νημερτῆς

45 1324 239 1415 νημερτοῦς·
283 1323 387 1390 τοῦτο
414 1315 482 1416 γὰρ
508 1320 548 1396 ὡς
572 1318 650 1416 ἔχον
676 1319 897 1418 οὕδέτερονείς
921 1349 974 1405 n,
991 1325 1089 1413 ἤγουν
1111 1318 1154 1392 τδ

44 1431 214 1530 νημερτὲς,
237 1435 280 1509 εἷς
301 1463 359 1504 ou
376 1433 443 1529 ἔχει
461 1433 521 1516 τῆν
538 1436 674 1526 γενικῆν,
691 1442 794 1507 τοῦτο
812 1435 846 1506 δὲ
862 1436 968 1533 κόριον
985 1436 1155 1529 γινόμενον

43 1547 102 1628 τῆν
128 1549 235 1632 αὖτῆν
259 1550 368 1620 κλίσιν
395 1545 574 1646 φυλάττει.
610 1549 766 1647 Ἔχομεν
795 1550 829 1623 δὲ
857 1552 917 1634 τῆν
946 1559 1066 1650 χρῆσεν
1092 1557 1202 1624 τοῆιο

43 1663 153 1758 κυρίου
171 1666 256 1761 παρ’
270 1664 417 1762 Ὀμῆριρ,
435 1661 504 1736 οίον
527 1667 582 1758 [ΙΙ.
600 1663 642 1736 α’.
659 1667 729 1758 46.]

213 1781 350 1854 Νημερτής
362 1805 391 1838 τε
404 1785 448 1838 καὶ
461 1782 593 1855 Ἀψευδὴς
606 1784 647 1838 καὶ
661 1781 863 1839 Καλλιάνασσα.

46 1871 97 1944 Τὸ
124 1875 162 1948 δὲ
180 1877 293 1974 Ἀρης
319 1878 496 1977 διαφόρους
521 1879 590 1976 ἔχει
616 1879 749 1956 κλίσεις·
772 1879 824 1949 καί
848 1875 916 1976 γὰρ
939 1878 1083 1950 κλίνεται
1103 1885 1154 1970 τῷ

47 1991 140 2084 λόγῳ
175 2000 245 2066 τῶν
283 1997 450 2083 ιάμβικῶν,
480 1992 550 2068 οίον
575 1994 739 2094 Ἀρητος,
773 1996 851 2092 ἔχον
876 1993 920 2068 τό
954 1991 1152 2091 Ἀρητιάδης

48 2109 309 2206 πατρωνυμικόν,
334 2111 387 2181 καὶ
411 2108 514 2182 πάλιν
540 2117 588 2202 τῷ
616 2113 711 2206 λόγῳ
740 2116 805 2184 τῶν
829 2108 1058 2192 σπονδειακῶν,
1085 2109 1198 2208 οίονι5

43 2220 166 2320 Ἀρου,
185 2224 225 2322 ἐξ
240 2227 277 2297 οίι
291 2224 335 2298 τό
357 2230 412 2322 [ΙΙ.
431 2227 481 2324 φ’.
498 2229 590 2321 431.]

213 2341 366 2418 ἦλθενἋρη
380 2343 523 2414 ἐπίκουρος,

50 2433 161 2536 όσπερ
180 2444 231 2530 τῷ
247 2437 378 2536 Χρύση·
404 2440 457 2510 καί
475 2437 578 2514 πάλιν
600 2443 655 2534 [ΙΙ.
674 2439 709 2510 ε’.
728 2445 818 2533 909.]

211 2556 363 2612 παόσασθαι
375 2560 549 2632 βροτολοιγὸν
556 2557 640 2632 Ἀρην
653 2558 848 2632 άνδροτασεάων

51 2647 159 2749 ὥσπερ
186 2650 247 2724 τόν
271 2651 418 2751 Χρόσην.
455 2653 567 2728 Ἔστι
589 2653 691 2725 δὲκαὶ
711 2652 967 2752 ’ἈρηςἈρους
984 2653 1198 2746 τῷλόγῳοο

52 2770 112 2834 τῶν
127 2765 198 2839 ἆπδ
214 2771 361 2864 ῥήματος
377 2769 537 2840 συνθέτων
558 2771 746 2867 κυρίων,τῷ
773 2770 922 2867 εἰρημένῳ
947 2769 979 2836 ἕν
1004 2773 1046 2860 τῆ
1073 2769 1147 2866 περὶ

52 2887 108 2950 τοῦ
125 2881 247 2980 Λάχης
265 2881 468 2975 διδασκαλίᾳ,
486 2885 574 2967 ῆνίκα
600 2887 674 2981 περί
700 2891 762 2957 τοῦ
784 2880 992 2982 Ἀριφράδης
1018 2879 1150 2965 διελομ-

53 2993 203 3084 βάνομεν.
239 2999 373 3098 Ὥσπερ
392 2999 460 3100 γὰρ
477 3000 545 3072 ἆπδ
565 3001 608 3073 τὸ
627 3003 733 3100 φαίνω
751 3003 877 3095 γίνεται
894 2997 1149 3099 Ἀριστοφάνης

52 3107 328 3212 Ἀριστοφάνους,
341 3119 390 3206 τῷ
408 3117 496 3208 αὐτῷ
509 3117 627 3215 τρόπῳ
643 3118 695 3189 καὶ
714 3115 805 3214 παρὰ
823 3124 885 3191 τοῦ
900 3119 958 3214 ῥῶ,
971 3114 1015 3188 τδ
1032 3127 1150 3200 σημαῖ-

55 3255 103 3298 νον
124 3229 168 3302 τὸ
190 3230 292 3323 λέγω,
309 3227 348 3324 ἐξ
369 3231 407 3300 οὗ
427 3232 480 3302 καί
502 3235 596 3329 ῥῆσις
620 3233 672 3304 καί
695 3237 782 3331 ῥῆμα
808 3235 860 3305 καὶ
883 3237 1003 3330 ῥήτωρ,
1021 3232 1147 3325 γίνεται
1158 3261 1175 3299 ο
1178 3254 1195 3319 5

16 3337 148 3440 ιΙὶἈρης
166 3345 304 3443 Ἀρους,
331 3347 426 3418 οἱονεί
450 3349 469 3418 ὁ
493 3349 704 3445 ε’στερημίνος
724 3355 786 3423 τοῦ
806 3349 928 3443 λέγειν,
949 3349 980 3418 ἕν
1003 3345 1071 3443 γὰρ
1098 3353 1147 3438 τῷ

55 3462 184 3554 πολέμῳ
209 3461 246 3531 οὖ
266 3461 377 3553 λόγων
397 3461 517 3561 καιρὸς,
535 3462 626 3535 ἀλλὰ
649 3461 806 3563 πράξεως,
824 3467 864 3542 ὡς
889 3463 940 3534 καί
966 3466 985 3534 ὁ
1012 3464 1149 3546 ποιητῆς

56 3571 206 3656 ε’δῆλιοσεν
223 3577 330 3659 είπῶν,
353 3581 408 3671 [ΙΙ.
426 3579 473 3650 π’.
492 3584 581 3671 630.]

210 3695 238 3749 ἓν
249 3697 301 3768 γδρ
313 3698 392 3768 χερσὶ
403 3697 479 3752 τέλος
492 3696 618 3767 πολέμου,
633 3697 714 3752 ε’πίων
728 3695 751 3751 δ’
765 3698 802 3752 ίνι
816 3699 912 3764 βουλῇ.

56 3783 112 3859 Ἐκ
126 3792 247 3874 ταύτης
264 3790 298 3862 δὲ
313 3799 372 3875 τῆς
389 3799 523 3884 γενικῆς,
539 3793 625 3888 φημὶ
643 3790 680 3874 δῆ
696 3799 756 3875 τῆς
773 3795 815 3870 εἰς
833 3821 902 3877 οτι,
918 3791 994 3864 ἔστι
1012 3790 1146 3875 κλητικῆ
1156 3826 1195 3884 30

203 3906 388 3982 ’Δρες,”Αρτς,
402 3909 568 3982 βροτολοιγὲ,
582 3911 713 3982 μιαιφόνε,

57 3995 159 4102 ὥσπερ
181 4005 390 4089 Δημοσθένης
417 4005 655 4088 Δημοσθένους,
682 4005 900 4089 Δημόσθενες.
946 4003 1146 4102 Εὑρίσκεται

59 4111 86 4184 δὲ
111 4122 161 4191 καί
191 4119 321 4219 ’Ἀρεως
348 4119 514 4199 Ἀττικῶς
548 4119 600 4192 διὰ
630 4127 693 4192 τοῦ
719 4153 752 4204 α,
780 4125 820 4200 ὡς
848 4121 917 4194 ἀπὸ
944 4128 1005 4194 τοῦ
1022 4120 1146 4219 Ἀρευς

52 4225 167 4330 Ἀρηος
184 4235 335 4320 Ἰωνικῶς,
353 4235 404 4308 καί
415 4235 545 4333 ’Ἀρεως
561 4235 737 4320 Αἰολικῶς,

201 4360 284 4434 Ἀρης
295 4363 347 4436 γάρ
360 4363 419 4418 lun
434 4364 474 4418 καὶ
487 4363 608 4436 ταράττει
621 4362 668 4432 τὴν
682 4363 778 4419 κλίσιν.
1154 4385 1172 4440 3
1175 4381 1191 4442 5

56 4458 109 4532 Ἑν
124 4465 171 4545 οίς
188 4465 246 4538 σὺν
263 4470 324 4559 θεῷ
341 4467 394 4539 καί
412 4471 431 4550 ῆ
448 4473 601 4566 παροῦσα
619 4463 749 4564 πρᾶξις.

578 4601 599 4642 u
