2954 5024
411 347 478 406 ιιι
499 348 554 406 το
577 347 870 410 οιιοωκτιιιου.
1136 366 1196 434 213

16 533 31 572 ι
114 526 143 554 “
163 511 253 586 Τδν
271 512 422 596 Πηλέα.”
473 514 603 586 Ἰστέον
621 516 674 588 ι’ίτι
692 514 760 590 ἆτδ
777 525 835 600 τῆς
854 516 966 601 ΠηλέιΙ
980 517 1108 601 δοτικῆς
1126 522 1213 614 έγέν

42 662 147 704 vero
193 631 309 727 τροτὴ
335 637 398 701 τοῦ
425 660 435 699 ι
468 631 510 706 είς
540 659 572 714 A,
599 628 712 727 ὥσπερ
743 630 865 704 Αἴαντι
895 632 1038 718 Αίοντα,
1070 634 1195 708 Θόαντι

43 749 243 820 Θόαντα.
294 747 423 820 Ἰστέον
440 747 494 820 ὅτι
512 751 607 830 πᾶσα
628 747 735 838 γενικὴ
758 749 801 822 είς
826 776 866 818 οι
889 751 1053 840 λῆγουσα,
1071 751 1196 846 ἔχουσα

41 865 126 946 τὴν
148 865 349 946 αἰτιατικὴν
364 867 430 936 τῶν
446 865 551 934 ε’νικῶν
567 864 610 938 είς
627 891 658 943 A,
676 862 862 958 ὁμόχρονον
879 866 975 958 ἑαυτῆ
999 869 1068 962 ἔχει
1086 866 1195 952 αὐτὴν,

45 976 143 1052 οἷον
168 977 327 1056 Αἴαντος
343 977 487 1062 Αίαντα,
506 978 656 1054 Θόαντος
682 977 828 1050 Θόαντα.
880 979 966 1052 Ἰδού
988 983 1126 1055 ἐνταῦθα
1151 982 1219 1055 τδ5

48 1125 75 1164 A
117 1096 258 1192 βραχύ
286 1095 388 1178 ἐστίν,
415 1093 523 1176 ἐπειδὴ
549 1093 600 1164 καί
626 1097 643 1174 ὴ
671 1123 711 1164 οι
736 1097 893 1183 συλλαβὴ
918 1097 1064 1193 βραχεῖα
1089 1100 1193 1170 ἔστιν·

48 1211 211 1292 ὁμοίως
235 1209 366 1294 Πηλέος
394 1210 522 1292 Πηλέα,
550 1208 738 1306 Ἀχιλλέως
763 1209 943 1306 Ἀχιλλέα.
1008 1213 1056 1282 Οί
1080 1215 1193 1297 μέντοι

45 1325 275 1410 Ἀθηναῖοι,
291 1324 399 1407 ἐπειδὴ
418 1325 555 1408 Πηλέως
570 1325 623 1396 καί
641 1323 829 1420 Ἀχιλλέως
854 1327 992 1419 λέγουσι
1017 1326 1069 1398 διὰ
1092 1335 1155 1401 τοῦ
1173 1361 1193 1401 ιι

52 1441 126 1510 καὶ
152 1449 195 1520 ιι,
215 1440 333 1510 τούτου
349 1436 447 1537 χόριυ
463 1439 515 1510 καί
532 1441 593 1522 τὴν
609 1441 791 1522 αἰτιατικὴν
804 1447 955 1512 ποιοῦσιν
968 1445 1011 1519 εἰς
1026 1473 1044 1512 A
1057 1441 1192 1541 μακρὸν,

51 1557 125 1626 ἵνα
169 1555 349 1650 ίσόχρονος
380 1555 513 1647 γένηται
545 1559 563 1636 ὴ
590 1557 755 1639 αι’τιατικὴ
781 1563 824 1650 τῆ
853 1555 917 1649 ι’δίᾳ
948 1565 1064 1652 γενικῆ.
1123 1559 1191 1632 Καὶ
1207 1583 1242 1622 10

57 1669 207 1750 πολλῆ
223 1669 314 1741 ἐστίν
331 1673 348 1752 ῆ
366 1678 484 1767 χρῆσις
499 1678 558 1753 τῆς
574 1671 725 1754 τοιαύτης
741 1675 932 1756 αἰτιατικῆς,
949 1676 989 1750 ὡς
1004 1675 1124 1772 ἔχομεν
1140 1678 1192 1750 καί

62 1782 184 1882 παρὰ
202 1790 251 1876 τῷ
266 1783 429 1884 Εόριτίδη
445 1787 479 1856 έν
494 1782 722 1883 Ἀνδρομάχη,
745 1789 852 1880 [545]

214 1907 258 1964 καί
267 1931 311 1979 μιν
325 1907 402 1982 (μὴν)
417 1911 524 1984 δέδορκα
538 1910 612 1967 τόνδε
625 1912 714 1981 Πηλέα
728 1911 817 1978 πέλας,

64 2011 227 2106 ἐξέτεινε
243 2013 310 2111 γὰρ
326 2013 370 2086 τὸ
387 2046 420 2087 A.
471 2015 588 2087 Ταῦτα
605 2014 663 2098 μέν
679 2017 712 2086 έν
728 2018 869 2094 τούτοις.

133 2128 328 2226 Ἀτοροῆσι
361 2131 396 2202 δέ
423 2163 515 2214 τινες,
538 2133 705 2225 λέγοντες,
735 2134 765 2202 εί
792 2129 857 2228 ι’ίρα
882 2135 914 2203 οί
934 2131 1106 2217 Ἀθηναῖοι
1133 2145 1192 2220 τῆς
1205 2166 1239 2223 ¹⁵

74 2243 213 2328 Πηλέα
235 2247 287 2318 καί
302 2247 471 2344 Ἀχιλλέα
495 2251 677 2331 αἰτιατικῆς
698 2245 743 2318 τδ
761 2278 781 2319 A
799 2248 992 2319 ἐκτείνουσιν
1009 2249 1092 2347 πρὸς
1116 2253 1193 2323 οἰνα-

72 2363 214 2454 λογίαυ
230 2371 287 2445 τῆς
313 2361 365 2434 διὰ
386 2370 447 2434 τοῦ
469 2395 488 2435 ιι
514 2365 567 2434 καί
591 2395 612 2434 ιι
641 2371 773 2455 γενικῆς,
791 2367 890 2456 ἤγουν
907 2371 964 2445 τῆς
983 2363 1120 2448 Πηλέως
1138 2367 1192 2438 καί

74 2477 289 2574 Ἀχιλλέως,
319 2476 370 2550 διὰ
401 2480 499 2550 τοίαν
528 2480 636 2552 αἰτίαν
661 2480 705 2562 μὴ
730 2487 789 2561 τῆς
816 2478 929 2562 Πηλέϊ
951 2480 1004 2550 καί
1032 2482 1196 2579 Ἀχιλλέί

80 2591 220 2676 δοτικῆς
235 2592 279 2665 τό
298 2625 309 2664 ι
327 2595 519 2668 ἐκτείνουσιν
535 2593 619 2689 πρὸς
636 2595 819 2687 ἀναλογίαν
835 2603 893 2677 τῆς
910 2605 1049 2689 γενικῆς;
1063 2598 1192 2672 Ἔστιν

80 2708 143 2780 οδν
172 2713 282 2793 εἰπεῖν,
305 2710 359 2782 ὅτι
390 2713 426 2784 οὐ
455 2711 628 2808 κέχρηνται
659 2714 691 2781 οἱ
717 2710 870 2782 Ἀττικοί
900 2711 953 2782 έπί
987 2715 1119 2791 τούτοις
1147 2719 1192 2810 τῆ
1202 2747 1240 2787 20

82 2827 216 2898 ε’ντελεῑ
231 2824 355 2920 δοτικῆ,
371 2825 462 2898 ἀλλὰ
487 2834 531 2921 τῆ
557 2827 762 2922 ουνηρημένῃ,
777 2827 829 2898 ’ίνα
850 2827 1084 2919 ἀναγκασθῶσι
1108 2829 1192 2926 πρὸς

83 2942 273 3033 ἀναλογίαν
288 2950 346 3024 τῆς
363 2951 486 3032 γενικῆς
503 2943 638 3014 ἐκτεῖναι
656 2950 716 3024 τῆς
739 2941 867 3023 δοτικῆς
883 2940 926 3012 τὸ
945 2966 967 3012 ι·
994 2949 1036 3036 τῆ
1058 2975 1193 3042 συνηρη-

83 3057 166 3150 μένη
185 3054 219 3126 δὲ
234 3057 424 3153 κεχρημένοι
442 3058 540 3139 αύτὴν
556 3059 670 3154 ἔχουσι
687 3055 825 3154 μακρὰν,
843 3053 912 3127 οίον
931 3056 1051 3141 Πηλεῖ,
1068 3061 1192 3157 Ἀχιλ-

84 3179 153 3246 λεῖ.
206 3171 323 3243 Ταῦτα
339 3172 398 3256 μὲν
414 3175 446 3244 έν
462 3174 603 3250 τούτοις.

141 3288 206 3356 Δεῖ
233 3287 267 3358 δέ
293 3291 375 3372 ἡμᾶς
404 3286 713 3386 ταραφυλόξασθαι
741 3289 794 3358 καί
822 3286 922 3370 ἄλλο,
949 3289 1003 3361 ὅτι
1038 3291 1091 3362 ε’τί
1126 3297 1191 3364 τῶν
1202 3315 1237 3376 25

88 3404 327 3499 προειρημένων
350 3403 516 3475 Ἀττικῶν
536 3409 601 3476 τῶν
624 3404 797 3496 γινομένων
820 3403 905 3474 κατὰ
931 3407 1135 3502 συναλοιφὴν
1159 3409 1192 3478 έν

86 3525 133 3612 τῆ
158 3525 266 3612 γενικῆ
287 3525 348 3590 τοῦ
373 3550 393 3591 α
418 3521 470 3590 καί
496 3551 517 3590 α
544 3522 586 3596 είς
615 3517 658 3590 τὸ
682 3549 715 3601 ο,
739 3515 807 3589 οἷον
829 3523 890 3590 τοῦ
913 3516 1107 3615 Ἐρετριέως
1131 3528 1193 3592 τοῦ
1250 3511 1251 3516 ¹

85 3633 279 3730 Ἐρετριῆς,
304 3639 366 3706 τοῦ
394 3635 564 3732 Στειριέως
589 3641 650 3706 τοῦ
678 3636 847 3732 Στειριῶς,
875 3636 909 3704 οί
935 3632 1105 3716 Ἀθηναῖοι
1131 3634 1194 3714 τὰς

90 3748 275 3826 αι’τιατικὰς
301 3751 554 3848 συναλείφοντες
580 3753 622 3828 είς
647 3780 666 3821 A
689 3751 788 3834 μόνον
811 3757 961 3822 ποιοῦσιν
987 3747 1096 3832 αότίις,
1124 3749 1194 3824 οἷον

90 3863 152 3936 τόν
169 3865 342 3966 Ἐρετριέα
367 3874 429 3938 τοῦ
454 3867 625 3964 Ἐρετριᾶ,
642 3865 703 3938 τὸν
721 3867 873 3963 Στειριέα
895 3865 955 3938 τὸν
974 3867 1123 3964 Στειριᾶ,
1140 3869 1241 3947 καί3ῡ

91 3981 196 4050 ούκέτι
215 3984 256 4058 είς
273 4012 307 4064 ιι,
324 3983 432 4054 καίτοι
459 3983 589 4060 κανόνος
615 3986 687 4064 ὴμῖν
703 3984 946 4079 προειρημένον,
963 3983 1018 4054 ότι
1041 3981 1084 4055 τὸ
1103 4014 1123 4056 ιι
1140 3985 1192 4054 καί

94 4125 113 4164 ιι
130 4097 173 4172 είς
190 4125 212 4166 ιι
229 4097 282 4170 καί
307 4096 431 4194 μακρόν
449 4127 468 4169 A
485 4102 645 4194 ιαρνᾶται.
689 4096 845 4194 Ἔχομεν
871 4096 940 4194 γὰρ
965 4101 998 4170 έν
1012 4109 1092 4176 ’τοῖς
1111 4130 1195 4191 τρο-

91 4210 263 4296 λαβοιῆσιν,
282 4213 335 4282 ὅτι
362 4214 450 4296 ὴνίκα
474 4211 532 4297 μέν
557 4223 755 4309 προηγεῖται
778 4219 841 4284 τοῦ
865 4245 884 4284 ιι
909 4215 1094 4312 σύμφωνον,
1111 4215 1195 4286 τότε

93 4323 134 4396 τό
164 4355 183 4396 ιι
210 4328 262 4399 καί
293 4359 312 4398 A
341 4330 383 4406 είς
412 4359 434 4400 ιι
466 4329 568 4412 μόνως
594 4329 753 4424 κίρναται,
789 4325 869 4414 οἷον,
897 4331 1034 4417 εὖοεβέιι
1064 4331 1194 4418 εύσεβῆ,

94 4444 219 4534 εύγενία
250 4447 372 4537 εόγενῆ,
398 4447 511 4542 τείχεα
542 4447 648 4542 τείχη,
677 4447 779 4532 βέλεα
805 4447 902 4532 βέλη·
937 4447 1024 4529 ὴνίκα
1052 4446 1085 4518 δὲ
1111 4475 1220 4542 τρο-3
1225 4477 1240 4532 5
