2972 5014
397 320 543 383 mzm
564 319 858 383 ονοιικπκου.
1118 315 1184 402 3⁸9

49 497 139 567 ποῶ
157 521 180 564 ε
200 491 253 564 καὶ
275 497 333 576 τῆς
355 520 389 563 οι
407 488 603 589 θιφθύγγον
625 491 668 568 εύς
688 489 750 574 την
772 519 805 561 οι
832 487 1036 588 δίφθογγον,
1057 486 1108 562 &a
1130 491 1184 562 καὶ

54 611 303 708 περιατᾶτοι.
351 606 402 677 Ἦ
426 604 495 704 ’γὰρ
518 603 609 701 ὀξεῖα
629 603 684 678 καὶ
700 607 719 688 ἦ
736 607 857 703 βαρεῖα
879 607 923 684 εἷς
939 606 1186 703 τεριστωμένην

58 725 311 822 συνέρχονται,
332 719 403 796 οέον
420 721 661 808 Δημοσθινέοιν
681 722 917 807 Λημοαθινοῖν,
936 721 1050 807 Πηλέι·
1064 721 1185 809 Πηλεῖ,

55 840 230 939 Ἐρμέας
256 837 394 936 Ἑρμῆς.
445 837 530 912 Ἐὰν
563 838 599 912 δέ
632 843 818 926 θελήσωμεν
844 839 955 935 λέγειν
984 839 1041 912 ὅτι
1069 843 1186 939 κρᾶσις

61 955 356 1056 παρηκολούθησε
383 959 444 1027 τού
475 985 496 1028 κ
524 956 578 1028 και
604 987 624 1030 ο
650 958 695 1035 εές
717 954 762 1030 τό
787 985 820 1041 ο,
842 955 972 1098 ὄφιέλει
998 953 1052 1027 θιθ
1076 962 1138 1028 τού
1159 981 1210 1098 ρς

64 1072 238 1167 ιγενέσθαι
266 1079 341 1144 τοῖν
368 1075 467 1170 κρεῶν
493 1073 804 1172 προσγροφομένου
829 1103 893 1146 του
918 1095 943 1145 1
973 1103 992 1156 η
980 1071 1053 1144 δέ
1076 1069 1187 1172 παρά-

65 1188 175 1266 δοσις
192 1184 303 1259 διὰ
260 1217 320 1270 της
336 1217 370 1259 οι
387 1186 614 1287 θιφθύγγου’
598 1189 779 1262 επέστοται
796 1189 857 1273 τὴν
872 1185 974 1283 λέξιν.

129 1303 213 1374 “Ὦ
229 1304 346 1401 κρέατε
357 1306 512 1390 κοινῶς,ῶ
526 1305 620 1405 κρέαε
630 1303 781 1388 Ἰωνικῶς,
793 1306 823 1376 ῶ
837 1304 916 1403 κρέα
926 1303 1101 1383 Ἀττικῶς.
1127 1301 1185 1377 Tc}

66 1419 207 1518 κρέατα
222 1423 339 1502 κοινῶς,
355 1417 401 1491 τὰ
417 1419 517 1518 κρέαα
531 1420 685 1505 Ἰωνικῶς,
702 1418 748 1493 τά
764 1421 843 1519 κρέα
861 1419 1055 1500 Ἀττικῶς.”

129 1535 264 1607 Ἰοπέον
286 1535 339 1608 ὅτι
360 1533 404 1608 τὸ
425 1537 503 1635 κρέα
526 1535 596 1610 ιἰτό
618 1543 680 1610 τού
700 1537 800 1636 κρέαα
825 1537 946 1632 γέγονε
965 1536 1051 1610 κατὰ
1067 1539 1184 1636 κρῶσιν
1196 1567 1232 1608 10

70 1655 147 1723 τῶν
170 1649 226 1723 δύο
246 1680 290 1723 εκ
311 1653 355 1730 εἷς
377 1651 413 1724 έν
434 1681 453 1724 ε
471 1649 606 1752 μακρὸν,
627 1651 741 1750 ὥσπερ
761 1647 936 1724 Ναυσικάα
954 1651 1119 1740 Ναυσικᾶ,
1138 1648 1184 1724 τά

74 1764 153 1865 κᾶν

204 1865 282 1938 πνέω
298 1867 386 1944 (νέα)
401 1869 603 1943 λυκδνέτψε

1 2044 57 2092 ,3
75 1993 152 2068 ἆπθ
172 2003 236 2070 ποῶ
258 1998 381 2094 κρέατα
406 1999 526 2093 ’γέγονε
549 1995 636 2071 κατὰ
660 1997 832 2092 συγκοπῆν
853 2005 912 2082 τῆς
933 2027 976 2071 πκ
998 1999 1182 2089 συλλαβῆς,

77 2111 344 2198 οννεαταλμένον
360 2109 430 2212 ’γὰρ
446 2111 571 2211 ἔχει
530 2145 574 2186 το
591 2143 624 2186 κ.
1194 2149 1229 2208 15

134 2239 156 2270 “
167 2226 243 2300 Τῶν
258 2225 403 2327 κρεάτων
411 2234 533 2316 κοινῶς,
541 2234 608 2302 τῶν
622 2224 742 2327 κρεάων
752 2227 903 2313 Ἰωνικῶς,
913 2233 979 2301 τῶν
990 2235 1089 2328 κρεῶν
1098 2229 1184 2302 Ἀτ-

79 2343 209 2424 TUQJ’

135 2459 264 2532 ’Ῑοτέον
279 2459 335 2533 ὅτι
350 2456 397 2536 τό
413 2465 509 2560 κρεῶν
526 2457 672 2533 ἀπὸτοῦ
688 2455 810 2556 κρεάων
826 2461 947 2554 ’γέγονε
962 2459 1049 2535 κατὰ
1065 2465 1184 2561 κρᾶσιν

82 2580 148 2649 τοῦ
171 2603 192 2646 κ
216 2573 269 2646 καὶ
293 2605 316 2646 ο
340 2577 384 2654 εἷς
407 2573 451 2648 τὸ
473 2605 508 2663 α,
524 2572 576 2647 διὸ
597 2573 650 2646 καὶ
671 2577 890 2673 περισπθται.
938 2577 989 2648 Ἦ
1007 2576 1076 2678 γὰρ
1092 2577 1184 2675 ὀξεῖα

84 2692 138 2764 καὶ
161 2695 181 2774 ἦ
205 2691 324 2789 βαρεῖα
350 2693 394 2771 ει’ς
425 2691 672 2791 περισπωμένην
699 2692 926 2790 συνέρχονται,
951 2689 1021 2765 οἷον
1046 2695 1185 2779 Δημοσ·
1194 2727 1232 2767 20

87 2807 195 2880 θενέων
212 2807 438 2893 Λημοσθενῶν,
457 2805 570 2892 Πηλέϊ
584 2805 704 2892 Πηλεῖ,
721 2809 822 2879 ποιέω
837 2813 932 2880 ποιῶ.

139 2934 159 2966 “
176 2920 257 3000 Τοῖς
271 2924 384 3022 κρέασι
400 2924 532 3010 μύνως.”

139 3037 266 3112 Ἰστέον
291 3039 346 3112 ὅτι
372 3043 392 3123 ἦ
419 3038 530 3123 θοτικύη
555 3044 622 3111 τῶν
647 3043 870 3124 πληθυντικῶν
902 3038 955 3112 καὶ
989 3041 1098 3118 κοινῶς
1130 3037 1184 3112 καὶ

90 3153 227 3231 Ἰωνικῶς
242 3155 295 3226 καὶ
308 3155 473 3234 Ἀττικῶς
482 3155 633 3233 ὡσαύτως
644 3155 794 3250 λέγεται,
811 3151 881 3228 οέον
897 3165 969 3233 τοῖς
985 3155 1111 3254 κρέασι,
1128 3156 1185 3227 ούκ

92 3266 324 3358 ἀποβάλλουσι
347 3267 416 3368 γάρ
438 3271 576 3344 ἐνταῦθα
598 3269 642 3344 τὸ
662 3271 839 3370 σύμφωνον
856 3275 890 3344 οἱ
902 3272 1023 3360 Ἴωνες,
1039 3273 1092 3344 καὶ
1109 3295 1231 3358 ποι-ας

92 3391 177 3457 ούσιν
200 3383 234 3456 οεΙ
257 3384 412 3459 Ἀττικοὶ
437 3387 619 3485 συνοέρισιν
646 3392 713 3460 τῶν
743 3387 942 3486 φωνηέντων.
994 3387 1065 3459 Καὶ
1092 3383 1185 3483 άξιον

93 3501 161 3573 ἐστὶ
186 3498 325 3602 ζητῆσαι
350 3499 403 3574 θιέι
428 3503 528 3574 ποίαν
556 3503 665 3575 αι’τέον
690 3503 745 3575 υύκ
770 3500 1010 3592 ἆποβάλλουσι
1034 3500 1078 3575 τὸ
1103 3503 1186 3587 σύμ-

95 3623 195 3716 φωνον
217 3613 375 3696 οέἼωνες
399 3619 431 3690 έν
451 3623 493 3714 τῇ
512 3616 625 3714 θοτικῇ
647 3623 715 3692 τῶν
738 3623 972 3704 πληθυντικῶν,
997 3619 1050 3690 καὶ
1075 3647 1186 3716 παρα·

96 3735 237 3806 κολυοθιΐ
251 3733 430 3832 συναύρεσις
448 3739 515 3807 τῶν
537 3733 728 3832 φωνηέντων
744 3733 907 3811 Ἀττικῶς
928 3731 1043 3832 ῶσπερ
1060 3732 1112 3804 καὶ
1129 3733 1185 3805 ε’πὶ

97 3851 155 3922 τῶν
176 3847 286 3921 ἄλλων
310 3852 476 3924 πτύσιων.
527 3851 597 3923 Καὶ
619 3851 712 3924 ἔστιν
734 3852 844 3939 εἶπεῖν,
862 3849 915 3922 ὅτι
940 3846 992 3921 διὰ
1008 3855 1113 3922 τοῦτο
1130 3849 1233 3943 έπὶηο

96 3967 149 4050 τῆς
162 3963 287 4050 ύοτικῶκ
302 3971 368 4039 τῶν
384 3969 606 4051 πληθυντικῶν
622 3965 678 4038 ούκ
691 3962 931 4055 ιἰποβάλλεται
944 3961 988 4036 τὸ
998 3965 1184 4063 σύμφωνον,

97 4082 243 4155 τουτέστι
267 4073 310 4155 τθ
335 4082 454 4176 σίγμα,
478 4081 634 4171 Ἰωνικῶς,
659 4080 711 4154 καὶ
736 4081 918 4179 οννοέρεαις
942 4083 1187 4178 παρακολουθεῖ

98 4203 155 4270 τῶν
176 4199 363 4297 φωνηέντων
376 4198 553 4286 Ἀττικῶς,
569 4196 678 4282 ε’πειθέη
700 4201 730 4270 ει’
751 4198 927 4285 ἂπιβλῆθη
948 4193 991 4267 τὸ
1008 4195 1185 4294 σύμφωνον

99 4315 145 4388 καὶ
159 4315 424 4412 ταρηκολούθησε
439 4316 620 4414 σοναέρισις
635 4319 701 4387 τῶν
717 4311 919 4412 φωνηέντων,
931 4315 1054 4396 ἤμελλε
1070 4341 1184 4396 συνεμ-
