<?xml version="1.0" encoding="UTF-8"?>
<!DOCTYPE html PUBLIC "-//W3C//DTD XHTML 1.0 Transitional//EN"
    "http://www.w3.org/TR/xhtml1/DTD/xhtml1-transitional.dtd">
<html xmlns="http://www.w3.org/1999/xhtml" xml:lang="en" lang="en">
 <head>
  <title>
</title>
<meta http-equiv="Content-Type" content="text/html;charset=utf-8" />
  <meta name='ocr-system' content='tesseract 3.04.00' />
  <meta name='ocr-capabilities' content='ocr_page ocr_carea ocr_par ocr_line ocrx_word'/>
</head>
<body>
  <div class='ocr_page' id='page_1' title='image "./georgiichoerobo00choegoog_0350.png"; bbox 0 0 2954 5024; ppageno 0'>
   <div class='ocr_carea' id='block_1_1' title="bbox 12 320 1177 401">
    <p class='ocr_par' dir='ltr' id='par_1_1' title="bbox 12 320 1177 401">
     <span class='ocr_line' id='line_1_1' title="bbox 12 320 1177 401; baseline -0.003 -17"><span class='ocrx_word' id='word_1_1' title='bbox 12 320 45 384; x_wconf 73' lang='grc' dir='ltr'>ν’.</span> <span class='ocrx_word' id='word_1_2' title='bbox 398 325 465 383; x_wconf 81' lang='grc' dir='ltr'>ΕΙΣ</span> <span class='ocrx_word' id='word_1_3' title='bbox 486 324 542 384; x_wconf 89' lang='grc' dir='ltr'>ΤΟ</span> <span class='ocrx_word' id='word_1_4' title='bbox 565 323 857 384; x_wconf 85' lang='grc' dir='ltr'>ΟΝΟΜΑΤΙΚΟΝ.</span> <span class='ocrx_word' id='word_1_5' title='bbox 1118 333 1177 401; x_wconf 89' lang='lat'>247</span> 
     </span>
    </p>
   </div>
   <div class='ocr_carea' id='block_1_2' title="bbox 19 489 1231 2087">
    <p class='ocr_par' dir='ltr' id='par_1_2' title="bbox 60 489 1182 935">
     <span class='ocr_line' id='line_1_2' title="bbox 62 489 1180 590; baseline -0.003 -25"><span class='ocrx_word' id='word_1_6' title='bbox 62 499 141 565; x_wconf 88' lang='grc' dir='ltr'>τοῦ</span> <span class='ocrx_word' id='word_1_7' title='bbox 164 493 243 569; x_wconf 84' lang='grc' dir='ltr'>πούς</span> <span class='ocrx_word' id='word_1_8' title='bbox 264 494 317 564; x_wconf 85' lang='grc' dir='ltr'>καί</span> <span class='ocrx_word' id='word_1_9' title='bbox 340 490 440 568; x_wconf 79' lang='grc' dir='ltr'>ὁδούς·</span> <span class='ocrx_word' id='word_1_10' title='bbox 475 499 582 563; x_wconf 85' lang='grc' dir='ltr'>ταῦτα</span> <span class='ocrx_word' id='word_1_11' title='bbox 606 490 673 590; x_wconf 79' lang='grc' dir='ltr'>γὰρ</span> <span class='ocrx_word' id='word_1_12' title='bbox 698 489 876 585; x_wconf 77' lang='grc' dir='ltr'>ὀξύνονται·</span> <span class='ocrx_word' id='word_1_13' title='bbox 912 491 1108 587; x_wconf 78' lang='grc' dir='ltr'>βαρύνονται</span> <span class='ocrx_word' id='word_1_14' title='bbox 1136 491 1180 575; x_wconf 82' lang='grc' dir='ltr'>δί,</span> 
     </span>
     <span class='ocr_line' id='line_1_3' title="bbox 62 603 1178 704; baseline -0.003 -25"><span class='ocrx_word' id='word_1_15' title='bbox 62 611 167 691; x_wconf 81' lang='grc' dir='ltr'>ἡνίκα</span> <span class='ocrx_word' id='word_1_16' title='bbox 184 606 243 680; x_wconf 84' lang='grc' dir='ltr'>ῶσι</span> <span class='ocrx_word' id='word_1_17' title='bbox 261 609 411 692; x_wconf 78' lang='grc' dir='ltr'>σύνθετα,</span> <span class='ocrx_word' id='word_1_18' title='bbox 429 605 497 679; x_wconf 86' lang='grc' dir='ltr'>οἰον</span> <span class='ocrx_word' id='word_1_19' title='bbox 515 610 655 704; x_wconf 86' lang='grc' dir='ltr'>εύχραυς,</span> <span class='ocrx_word' id='word_1_20' title='bbox 673 609 821 691; x_wconf 86' lang='grc' dir='ltr'>εύπλους,</span> <span class='ocrx_word' id='word_1_21' title='bbox 838 606 995 692; x_wconf 84' lang='grc' dir='ltr'>ἁκλίνους,</span> <span class='ocrx_word' id='word_1_22' title='bbox 1011 603 1178 684; x_wconf 74' lang='grc' dir='ltr'>Οἰδίπους.</span> 
     </span>
     <span class='ocr_line' id='line_1_4' title="bbox 60 721 1182 821; baseline -0.002 -27"><span class='ocrx_word' id='word_1_23' title='bbox 60 723 219 806; x_wconf 72' lang='grc' dir='ltr'>Ἐπειδὴ</span> <span class='ocrx_word' id='word_1_24' title='bbox 236 722 289 794; x_wconf 86' lang='grc' dir='ltr'>οῦν</span> <span class='ocrx_word' id='word_1_25' title='bbox 305 722 348 795; x_wconf 87' lang='grc' dir='ltr'>τῦ</span> <span class='ocrx_word' id='word_1_26' title='bbox 375 723 589 821; x_wconf 76' lang='grc' dir='ltr'>θυγατριδοῦς</span> <span class='ocrx_word' id='word_1_27' title='bbox 613 723 665 792; x_wconf 88' lang='grc' dir='ltr'>καί</span> <span class='ocrx_word' id='word_1_28' title='bbox 692 721 887 820; x_wconf 74' lang='grc' dir='ltr'>ἀδελφιδοῦς</span> <span class='ocrx_word' id='word_1_29' title='bbox 907 724 1002 792; x_wconf 88' lang='grc' dir='ltr'>ἁπλᾶ</span> <span class='ocrx_word' id='word_1_30' title='bbox 1025 725 1116 806; x_wconf 89' lang='grc' dir='ltr'>εἰσιν,</span> <span class='ocrx_word' id='word_1_31' title='bbox 1134 725 1182 793; x_wconf 88' lang='grc' dir='ltr'>εύ-</span> 
     </span>
     <span class='ocr_line' id='line_1_5' title="bbox 66 837 893 935; baseline -0.004 -25"><span class='ocrx_word' id='word_1_32' title='bbox 66 839 192 933; x_wconf 86' lang='grc' dir='ltr'>λόγως</span> <span class='ocrx_word' id='word_1_33' title='bbox 207 845 443 935; x_wconf 90' lang='grc' dir='ltr'>περισπῶνται.</span> <span class='ocrx_word' id='word_1_34' title='bbox 495 839 613 909; x_wconf 85' lang='grc' dir='ltr'>Ταῦτα</span> <span class='ocrx_word' id='word_1_35' title='bbox 629 837 688 922; x_wconf 79' lang='grc' dir='ltr'>μὲν</span> <span class='ocrx_word' id='word_1_36' title='bbox 703 839 736 908; x_wconf 81' lang='grc' dir='ltr'>ἰν</span> <span class='ocrx_word' id='word_1_37' title='bbox 752 838 893 914; x_wconf 91' lang='grc' dir='ltr'>τούτοις.</span> 
     </span>
    </p>

    <p class='ocr_par' dir='ltr' id='par_1_3' title="bbox 19 950 1231 2087">
     <span class='ocr_line' id='line_1_6' title="bbox 19 950 1207 1053; baseline 0.003 -33"><span class='ocrx_word' id='word_1_38' title='bbox 19 957 50 1020; x_wconf 90' lang='lat' dir='ltr'>b</span> <span class='ocrx_word' id='word_1_39' title='bbox 116 953 242 1049; x_wconf 82' lang='grc' dir='ltr'>Ἀξιον</span> <span class='ocrx_word' id='word_1_40' title='bbox 258 955 330 1026; x_wconf 84' lang='grc' dir='ltr'>ε’στί</span> <span class='ocrx_word' id='word_1_41' title='bbox 345 951 496 1053; x_wconf 77' lang='grc' dir='ltr'>ζητῆσαι,</span> <span class='ocrx_word' id='word_1_42' title='bbox 512 957 540 1026; x_wconf 89' lang='grc' dir='ltr'>εἰ</span> <span class='ocrx_word' id='word_1_43' title='bbox 555 951 619 1051; x_wconf 79' lang='grc' dir='ltr'>ἄρα</span> <span class='ocrx_word' id='word_1_44' title='bbox 637 950 681 1024; x_wconf 87' lang='grc' dir='ltr'>τὰ</span> <span class='ocrx_word' id='word_1_45' title='bbox 699 950 767 1024; x_wconf 85' lang='grc' dir='ltr'>ἆπδ</span> <span class='ocrx_word' id='word_1_46' title='bbox 784 951 888 1047; x_wconf 77' lang='grc' dir='ltr'>ὀξείας</span> <span class='ocrx_word' id='word_1_47' title='bbox 900 953 952 1023; x_wconf 90' lang='grc' dir='ltr'>καί</span> <span class='ocrx_word' id='word_1_48' title='bbox 971 951 1025 1023; x_wconf 91' lang='grc' dir='ltr'>δύο</span> <span class='ocrx_word' id='word_1_49' title='bbox 1042 954 1207 1050; x_wconf 85' lang='grc' dir='ltr'>βαρειῶν5</span> 
     </span>
     <span class='ocr_line' id='line_1_7' title="bbox 72 1066 1183 1169; baseline -0.004 -27"><span class='ocrx_word' id='word_1_50' title='bbox 72 1072 312 1169; x_wconf 86' lang='grc' dir='ltr'>συναιρούμενα</span> <span class='ocrx_word' id='word_1_51' title='bbox 343 1075 385 1148; x_wconf 87' lang='grc' dir='ltr'>εἰς</span> <span class='ocrx_word' id='word_1_52' title='bbox 410 1070 587 1164; x_wconf 79' lang='grc' dir='ltr'>ὀξεῖανκαὶ</span> <span class='ocrx_word' id='word_1_53' title='bbox 614 1073 752 1165; x_wconf 88' lang='grc' dir='ltr'>βαρεῖαν</span> <span class='ocrx_word' id='word_1_54' title='bbox 777 1074 1011 1165; x_wconf 76' lang='grc' dir='ltr'>συναιροῦντας,</span> <span class='ocrx_word' id='word_1_55' title='bbox 1029 1066 1097 1140; x_wconf 82' lang='grc' dir='ltr'>οἰον</span> <span class='ocrx_word' id='word_1_56' title='bbox 1116 1071 1183 1152; x_wconf 84' lang='grc' dir='ltr'>Δη-</span> 
     </span>
     <span class='ocr_line' id='line_1_8' title="bbox 72 1183 1182 1282; baseline -0.003 -24"><span class='ocrx_word' id='word_1_57' title='bbox 72 1187 258 1272; x_wconf 82' lang='grc' dir='ltr'>μοσθίνεος</span> <span class='ocrx_word' id='word_1_58' title='bbox 300 1187 537 1270; x_wconf 77' lang='grc' dir='ltr'>Δημοσθένους,</span> <span class='ocrx_word' id='word_1_59' title='bbox 582 1184 788 1256; x_wconf 76' lang='grc' dir='ltr'>Πολυδεύκεα</span> <span class='ocrx_word' id='word_1_60' title='bbox 834 1183 1030 1267; x_wconf 85' lang='grc' dir='ltr'>Πολυδεύκη,</span> <span class='ocrx_word' id='word_1_61' title='bbox 1070 1187 1182 1282; x_wconf 87' lang='grc' dir='ltr'>τείχεα</span> 
     </span>
     <span class='ocr_line' id='line_1_9' title="bbox 72 1299 1182 1398; baseline -0.002 -26"><span class='ocrx_word' id='word_1_62' title='bbox 72 1303 189 1398; x_wconf 81' lang='grc' dir='ltr'>τείχη,</span> <span class='ocrx_word' id='word_1_63' title='bbox 215 1302 317 1388; x_wconf 82' lang='grc' dir='ltr'>βέλεα</span> <span class='ocrx_word' id='word_1_64' title='bbox 342 1302 437 1389; x_wconf 76' lang='grc' dir='ltr'>βέλη,</span> <span class='ocrx_word' id='word_1_65' title='bbox 465 1300 523 1394; x_wconf 84' lang='grc' dir='ltr'>(τῦ</span> <span class='ocrx_word' id='word_1_66' title='bbox 549 1299 616 1397; x_wconf 80' lang='grc' dir='ltr'>γὰρ</span> <span class='ocrx_word' id='word_1_67' title='bbox 642 1301 737 1397; x_wconf 78' lang='grc' dir='ltr'>ἔαρος</span> <span class='ocrx_word' id='word_1_68' title='bbox 760 1300 845 1396; x_wconf 72' lang='grc' dir='ltr'>ἦρος,</span> <span class='ocrx_word' id='word_1_69' title='bbox 863 1300 915 1370; x_wconf 89' lang='grc' dir='ltr'>καί</span> <span class='ocrx_word' id='word_1_70' title='bbox 941 1299 1055 1397; x_wconf 87' lang='grc' dir='ltr'>κεάρος</span> <span class='ocrx_word' id='word_1_71' title='bbox 1075 1309 1182 1398; x_wconf 79' lang='grc' dir='ltr'>κῆρας,</span> 
     </span>
     <span class='ocr_line' id='line_1_10' title="bbox 75 1413 1184 1514; baseline 0 -25"><span class='ocrx_word' id='word_1_72' title='bbox 75 1417 136 1489; x_wconf 81' lang='grc' dir='ltr'>διὰ</span> <span class='ocrx_word' id='word_1_73' title='bbox 153 1414 197 1488; x_wconf 86' lang='grc' dir='ltr'>τῦ</span> <span class='ocrx_word' id='word_1_74' title='bbox 213 1414 290 1487; x_wconf 83' lang='grc' dir='ltr'>εἰναι</span> <span class='ocrx_word' id='word_1_75' title='bbox 317 1417 415 1514; x_wconf 89' lang='grc' dir='ltr'>φύσει</span> <span class='ocrx_word' id='word_1_76' title='bbox 438 1414 546 1513; x_wconf 85' lang='grc' dir='ltr'>μακρὰ</span> <span class='ocrx_word' id='word_1_77' title='bbox 569 1413 637 1486; x_wconf 83' lang='grc' dir='ltr'>ἆπδ</span> <span class='ocrx_word' id='word_1_78' title='bbox 663 1417 824 1511; x_wconf 85' lang='grc' dir='ltr'>βραχείας</span> <span class='ocrx_word' id='word_1_79' title='bbox 848 1419 922 1498; x_wconf 85' lang='grc' dir='ltr'>μιᾶς</span> <span class='ocrx_word' id='word_1_80' title='bbox 938 1414 1184 1514; x_wconf 81' lang='grc' dir='ltr'>περιεσπάσθη-</span> 
     </span>
     <span class='ocr_line' id='line_1_11' title="bbox 75 1528 1231 1629; baseline -0.001 -24"><span class='ocrx_word' id='word_1_81' title='bbox 75 1535 174 1626; x_wconf 82' lang='grc' dir='ltr'>σαν,)</span> <span class='ocrx_word' id='word_1_82' title='bbox 197 1529 286 1602; x_wconf 86' lang='grc' dir='ltr'>διατί</span> <span class='ocrx_word' id='word_1_83' title='bbox 311 1529 353 1602; x_wconf 90' lang='grc' dir='ltr'>τδ</span> <span class='ocrx_word' id='word_1_84' title='bbox 384 1528 523 1626; x_wconf 86' lang='grc' dir='ltr'>χὰλκεος</span> <span class='ocrx_word' id='word_1_85' title='bbox 550 1537 692 1626; x_wconf 79' lang='grc' dir='ltr'>χαλκοῦς</span> <span class='ocrx_word' id='word_1_86' title='bbox 721 1531 773 1601; x_wconf 88' lang='grc' dir='ltr'>καί</span> <span class='ocrx_word' id='word_1_87' title='bbox 803 1532 943 1628; x_wconf 84' lang='grc' dir='ltr'>χρύσεος</span> <span class='ocrx_word' id='word_1_88' title='bbox 968 1539 1107 1629; x_wconf 79' lang='grc' dir='ltr'>χρυσοῦς</span> <span class='ocrx_word' id='word_1_89' title='bbox 1130 1533 1182 1604; x_wconf 85' lang='grc' dir='ltr'>καί</span> <span class='ocrx_word' id='word_1_90' title='bbox 1198 1558 1231 1596; x_wconf 88' lang='lat'>¹0</span> 
     </span>
     <span class='ocr_line' id='line_1_12' title="bbox 78 1637 1182 1746; baseline -0.003 -26"><span class='ocrx_word' id='word_1_91' title='bbox 78 1649 244 1746; x_wconf 75' lang='grc' dir='ltr'>ἀργύρεος</span> <span class='ocrx_word' id='word_1_92' title='bbox 259 1647 429 1742; x_wconf 75' lang='grc' dir='ltr'>ἀργυροῦς,</span> <span class='ocrx_word' id='word_1_93' title='bbox 440 1643 508 1716; x_wconf 84' lang='grc' dir='ltr'>ἇπδ</span> <span class='ocrx_word' id='word_1_94' title='bbox 527 1637 631 1738; x_wconf 76' lang='grc' dir='ltr'>ὀξείας</span> <span class='ocrx_word' id='word_1_95' title='bbox 647 1646 699 1715; x_wconf 88' lang='grc' dir='ltr'>καί</span> <span class='ocrx_word' id='word_1_96' title='bbox 718 1645 772 1716; x_wconf 92' lang='grc' dir='ltr'>δύο</span> <span class='ocrx_word' id='word_1_97' title='bbox 789 1649 928 1742; x_wconf 90' lang='grc' dir='ltr'>βαρειῶν</span> <span class='ocrx_word' id='word_1_98' title='bbox 945 1649 1182 1743; x_wconf 80' lang='grc' dir='ltr'>συναιρεθέντα,</span> 
     </span>
     <span class='ocr_line' id='line_1_13' title="bbox 80 1759 1185 1859; baseline 0 -25"><span class='ocrx_word' id='word_1_99' title='bbox 80 1767 121 1835; x_wconf 89' lang='grc' dir='ltr'>ού</span> <span class='ocrx_word' id='word_1_100' title='bbox 151 1762 384 1858; x_wconf 81' lang='grc' dir='ltr'>συναιρίθησαν</span> <span class='ocrx_word' id='word_1_101' title='bbox 408 1763 450 1838; x_wconf 90' lang='grc' dir='ltr'>εἰς</span> <span class='ocrx_word' id='word_1_102' title='bbox 476 1759 653 1853; x_wconf 80' lang='grc' dir='ltr'>ὀξεῖανκαὶ</span> <span class='ocrx_word' id='word_1_103' title='bbox 679 1761 825 1857; x_wconf 83' lang='grc' dir='ltr'>βαρεῖαν,</span> <span class='ocrx_word' id='word_1_104' title='bbox 843 1761 919 1832; x_wconf 85' lang='grc' dir='ltr'>ἁλλ’</span> <span class='ocrx_word' id='word_1_105' title='bbox 949 1765 991 1838; x_wconf 89' lang='grc' dir='ltr'>εἰς</span> <span class='ocrx_word' id='word_1_106' title='bbox 1018 1793 1185 1859; x_wconf 85' lang='grc' dir='ltr'>περισπω-</span> 
     </span>
     <span class='ocr_line' id='line_1_14' title="bbox 77 1873 1184 1975; baseline -0.003 -25"><span class='ocrx_word' id='word_1_107' title='bbox 77 1881 189 1964; x_wconf 83' lang='grc' dir='ltr'>μένην.</span> <span class='ocrx_word' id='word_1_108' title='bbox 213 1875 340 1947; x_wconf 83' lang='grc' dir='ltr'>Ἔστιν</span> <span class='ocrx_word' id='word_1_109' title='bbox 358 1873 411 1946; x_wconf 88' lang='grc' dir='ltr'>ούν</span> <span class='ocrx_word' id='word_1_110' title='bbox 427 1877 535 1956; x_wconf 87' lang='grc' dir='ltr'>εἰπεῖν,</span> <span class='ocrx_word' id='word_1_111' title='bbox 549 1875 603 1946; x_wconf 81' lang='grc' dir='ltr'>ὅτι</span> <span class='ocrx_word' id='word_1_112' title='bbox 620 1873 704 1972; x_wconf 90' lang='grc' dir='ltr'>πρδς</span> <span class='ocrx_word' id='word_1_113' title='bbox 719 1874 780 1948; x_wconf 82' lang='grc' dir='ltr'>τῶν</span> <span class='ocrx_word' id='word_1_114' title='bbox 792 1885 987 1975; x_wconf 75' lang='grc' dir='ltr'>χαρακτῆρα</span> <span class='ocrx_word' id='word_1_115' title='bbox 1005 1875 1184 1975; x_wconf 84' lang='grc' dir='ltr'>περιεσπᾶ-</span> 
     </span>
     <span class='ocr_line' id='line_1_15' title="bbox 80 1988 1183 2087; baseline 0 -23"><span class='ocrx_word' id='word_1_116' title='bbox 80 1999 224 2076; x_wconf 88' lang='grc' dir='ltr'>σθησαν.</span> <span class='ocrx_word' id='word_1_117' title='bbox 267 1988 458 2074; x_wconf 85' lang='grc' dir='ltr'>Ἐμὰθομεν</span> <span class='ocrx_word' id='word_1_118' title='bbox 481 1988 561 2087; x_wconf 88' lang='grc' dir='ltr'>γὰρ,</span> <span class='ocrx_word' id='word_1_119' title='bbox 579 1991 633 2062; x_wconf 83' lang='grc' dir='ltr'>ὅτι</span> <span class='ocrx_word' id='word_1_120' title='bbox 660 1990 703 2061; x_wconf 79' lang='grc' dir='ltr'>τὰ</span> <span class='ocrx_word' id='word_1_121' title='bbox 730 1994 772 2068; x_wconf 89' lang='grc' dir='ltr'>εἰς</span> <span class='ocrx_word' id='word_1_122' title='bbox 800 2021 839 2062; x_wconf 73' lang='grc' dir='ltr'>οι</span> <span class='ocrx_word' id='word_1_123' title='bbox 864 1996 1015 2086; x_wconf 78' lang='grc' dir='ltr'>λήγοντα</span> <span class='ocrx_word' id='word_1_124' title='bbox 1036 1994 1183 2076; x_wconf 83' lang='grc' dir='ltr'>ὀνόματα</span> 
     </span>
    </p>
   </div>
   <div class='ocr_carea' id='block_1_3' title="bbox 80 2103 1230 2434">
    <p class='ocr_par' dir='ltr' id='par_1_4' title="bbox 80 2103 1230 2434">
     <span class='ocr_line' id='line_1_16' title="bbox 80 2103 1230 2202; baseline -0.005 -22"><span class='ocrx_word' id='word_1_125' title='bbox 80 2112 182 2181; x_wconf 89' lang='grc' dir='ltr'>ἁπλᾶ</span> <span class='ocrx_word' id='word_1_126' title='bbox 207 2106 264 2191; x_wconf 79' lang='grc' dir='ltr'>μὲν</span> <span class='ocrx_word' id='word_1_127' title='bbox 285 2107 366 2177; x_wconf 83' lang='grc' dir='ltr'>ὄντα</span> <span class='ocrx_word' id='word_1_128' title='bbox 391 2111 628 2202; x_wconf 80' lang='grc' dir='ltr'>περισπῶνται,</span> <span class='ocrx_word' id='word_1_129' title='bbox 651 2103 719 2177; x_wconf 77' lang='grc' dir='ltr'>οἷον</span> <span class='ocrx_word' id='word_1_130' title='bbox 746 2113 823 2190; x_wconf 92' lang='grc' dir='ltr'>νοῦς,</span> <span class='ocrx_word' id='word_1_131' title='bbox 846 2108 936 2193; x_wconf 89' lang='grc' dir='ltr'>βοῦς,</span> <span class='ocrx_word' id='word_1_132' title='bbox 954 2114 1079 2192; x_wconf 87' lang='grc' dir='ltr'>σιμοῦς,</span> <span class='ocrx_word' id='word_1_133' title='bbox 1096 2116 1184 2179; x_wconf 89' lang='grc' dir='ltr'>πλα-</span> <span class='ocrx_word' id='word_1_134' title='bbox 1198 2136 1230 2192; x_wconf 84' lang='lat'>¹5</span> 
     </span>
     <span class='ocr_line' id='line_1_17' title="bbox 80 2219 1184 2319; baseline 0 -25"><span class='ocrx_word' id='word_1_135' title='bbox 80 2230 169 2306; x_wconf 89' lang='grc' dir='ltr'>κοῦς,</span> <span class='ocrx_word' id='word_1_136' title='bbox 198 2219 403 2319; x_wconf 86' lang='grc' dir='ltr'>ἁδελφιδοῦς,</span> <span class='ocrx_word' id='word_1_137' title='bbox 430 2219 654 2317; x_wconf 89' lang='grc' dir='ltr'>θυγατριδοῦς,</span> <span class='ocrx_word' id='word_1_138' title='bbox 685 2224 784 2318; x_wconf 85' lang='grc' dir='ltr'>χωρίς</span> <span class='ocrx_word' id='word_1_139' title='bbox 808 2229 870 2294; x_wconf 86' lang='grc' dir='ltr'>τοῦ</span> <span class='ocrx_word' id='word_1_140' title='bbox 894 2222 973 2298; x_wconf 85' lang='grc' dir='ltr'>ποῦς</span> <span class='ocrx_word' id='word_1_141' title='bbox 999 2225 1052 2294; x_wconf 90' lang='grc' dir='ltr'>καί</span> <span class='ocrx_word' id='word_1_142' title='bbox 1083 2223 1184 2308; x_wconf 86' lang='grc' dir='ltr'>ὀδοῦς,</span> 
     </span>
     <span class='ocr_line' id='line_1_18' title="bbox 82 2335 1185 2434; baseline -0.001 -24"><span class='ocrx_word' id='word_1_143' title='bbox 82 2345 194 2410; x_wconf 90' lang='grc' dir='ltr'>ταῦτα</span> <span class='ocrx_word' id='word_1_144' title='bbox 229 2336 296 2434; x_wconf 79' lang='grc' dir='ltr'>γὰρ</span> <span class='ocrx_word' id='word_1_145' title='bbox 326 2335 504 2431; x_wconf 77' lang='grc' dir='ltr'>ὀξύνονται·</span> <span class='ocrx_word' id='word_1_146' title='bbox 531 2339 669 2408; x_wconf 90' lang='grc' dir='ltr'>σύνθετα</span> <span class='ocrx_word' id='word_1_147' title='bbox 701 2336 734 2406; x_wconf 78' lang='grc' dir='ltr'>δὲ</span> <span class='ocrx_word' id='word_1_148' title='bbox 765 2337 846 2408; x_wconf 84' lang='grc' dir='ltr'>ὄντα</span> <span class='ocrx_word' id='word_1_149' title='bbox 875 2339 1085 2434; x_wconf 87' lang='grc' dir='ltr'>βαρύνονται,</span> <span class='ocrx_word' id='word_1_150' title='bbox 1115 2339 1185 2410; x_wconf 81' lang='grc' dir='ltr'>οἰον</span> 
     </span>
    </p>
   </div>
   <div class='ocr_carea' id='block_1_4' title="bbox 83 2450 1238 4508">
    <p class='ocr_par' dir='ltr' id='par_1_5' title="bbox 83 2450 1235 2881">
     <span class='ocr_line' id='line_1_19' title="bbox 83 2450 1185 2551; baseline -0.001 -26"><span class='ocrx_word' id='word_1_151' title='bbox 83 2458 199 2536; x_wconf 85' lang='grc' dir='ltr'>εύνους,</span> <span class='ocrx_word' id='word_1_152' title='bbox 217 2456 357 2551; x_wconf 85' lang='grc' dir='ltr'>εύχρονς,</span> <span class='ocrx_word' id='word_1_153' title='bbox 375 2455 519 2534; x_wconf 83' lang='grc' dir='ltr'>εύπλους,</span> <span class='ocrx_word' id='word_1_154' title='bbox 538 2452 704 2528; x_wconf 89' lang='grc' dir='ltr'>Οἰδίπους.</span> <span class='ocrx_word' id='word_1_155' title='bbox 756 2451 893 2535; x_wconf 72' lang='grc' dir='ltr'>Ἐπειδὴ</span> <span class='ocrx_word' id='word_1_156' title='bbox 911 2450 964 2523; x_wconf 86' lang='grc' dir='ltr'>υύν</span> <span class='ocrx_word' id='word_1_157' title='bbox 980 2451 1023 2524; x_wconf 87' lang='grc' dir='ltr'>τῦ</span> <span class='ocrx_word' id='word_1_158' title='bbox 1044 2461 1185 2550; x_wconf 85' lang='grc' dir='ltr'>χαλκοῦς</span> 
     </span>
     <span class='ocr_line' id='line_1_20' title="bbox 84 2566 1185 2667; baseline 0.001 -27"><span class='ocrx_word' id='word_1_159' title='bbox 84 2572 139 2642; x_wconf 87' lang='grc' dir='ltr'>καί</span> <span class='ocrx_word' id='word_1_160' title='bbox 157 2577 297 2666; x_wconf 88' lang='grc' dir='ltr'>χρυσοῦς</span> <span class='ocrx_word' id='word_1_161' title='bbox 313 2571 365 2640; x_wconf 88' lang='grc' dir='ltr'>καί</span> <span class='ocrx_word' id='word_1_162' title='bbox 383 2571 542 2667; x_wconf 81' lang='grc' dir='ltr'>ἀργυροῦς</span> <span class='ocrx_word' id='word_1_163' title='bbox 558 2569 609 2638; x_wconf 90' lang='grc' dir='ltr'>καί</span> <span class='ocrx_word' id='word_1_164' title='bbox 628 2566 775 2665; x_wconf 91' lang='grc' dir='ltr'>σιδηροῦς</span> <span class='ocrx_word' id='word_1_165' title='bbox 792 2569 846 2638; x_wconf 85' lang='grc' dir='ltr'>οῦκ</span> <span class='ocrx_word' id='word_1_166' title='bbox 864 2569 926 2638; x_wconf 85' lang='grc' dir='ltr'>εἰσί</span> <span class='ocrx_word' id='word_1_167' title='bbox 945 2569 1083 2641; x_wconf 85' lang='grc' dir='ltr'>σύνθετα</span> <span class='ocrx_word' id='word_1_168' title='bbox 1106 2571 1185 2640; x_wconf 84' lang='grc' dir='ltr'>ἁλλ’</span> 
     </span>
     <span class='ocr_line' id='line_1_21' title="bbox 84 2683 1235 2781; baseline -0.002 -26"><span class='ocrx_word' id='word_1_169' title='bbox 84 2688 193 2768; x_wconf 89' lang='grc' dir='ltr'>ἁπλᾶ,</span> <span class='ocrx_word' id='word_1_170' title='bbox 224 2687 260 2754; x_wconf 89' lang='grc' dir='ltr'>ού</span> <span class='ocrx_word' id='word_1_171' title='bbox 294 2683 438 2755; x_wconf 89' lang='grc' dir='ltr'>δύνανται</span> <span class='ocrx_word' id='word_1_172' title='bbox 474 2684 683 2781; x_wconf 89' lang='grc' dir='ltr'>βαρύνεσθαι,</span> <span class='ocrx_word' id='word_1_173' title='bbox 711 2685 763 2753; x_wconf 84' lang='grc' dir='ltr'>καί</span> <span class='ocrx_word' id='word_1_174' title='bbox 794 2684 922 2760; x_wconf 85' lang='grc' dir='ltr'>εἰκότως</span> <span class='ocrx_word' id='word_1_175' title='bbox 950 2689 1185 2779; x_wconf 90' lang='grc' dir='ltr'>περισπῶνται.</span> <span class='ocrx_word' id='word_1_176' title='bbox 1198 2715 1235 2753; x_wconf 87' lang='lat'>20</span> 
     </span>
     <span class='ocr_line' id='line_1_22' title="bbox 86 2797 488 2881; baseline -0.005 -13"><span class='ocrx_word' id='word_1_177' title='bbox 86 2799 208 2870; x_wconf 89' lang='grc' dir='ltr'>Ταῦτα</span> <span class='ocrx_word' id='word_1_178' title='bbox 224 2797 282 2881; x_wconf 78' lang='grc' dir='ltr'>μὲν</span> <span class='ocrx_word' id='word_1_179' title='bbox 298 2801 330 2868; x_wconf 81' lang='grc' dir='ltr'>ἐν</span> <span class='ocrx_word' id='word_1_180' title='bbox 347 2799 488 2874; x_wconf 90' lang='grc' dir='ltr'>τούτοις.</span> 
     </span>
    </p>

    <p class='ocr_par' dir='ltr' id='par_1_6' title="bbox 87 2911 1233 3806">
     <span class='ocr_line' id='line_1_23' title="bbox 137 2911 1187 3007; baseline 0.002 -23"><span class='ocrx_word' id='word_1_181' title='bbox 137 2915 267 2985; x_wconf 80' lang='grc' dir='ltr'>Ἰστίον</span> <span class='ocrx_word' id='word_1_182' title='bbox 293 2913 327 2985; x_wconf 82' lang='grc' dir='ltr'>δὲ</span> <span class='ocrx_word' id='word_1_183' title='bbox 347 2915 401 2986; x_wconf 84' lang='grc' dir='ltr'>ὅτι</span> <span class='ocrx_word' id='word_1_184' title='bbox 429 2916 448 2984; x_wconf 86' lang='grc' dir='ltr'>ὁ</span> <span class='ocrx_word' id='word_1_185' title='bbox 476 2919 544 2988; x_wconf 89' lang='grc' dir='ltr'>νοῦς</span> <span class='ocrx_word' id='word_1_186' title='bbox 568 2919 630 2983; x_wconf 89' lang='grc' dir='ltr'>τοῦ</span> <span class='ocrx_word' id='word_1_187' title='bbox 652 2917 705 2983; x_wconf 93' lang='grc' dir='ltr'>νοῦ</span> <span class='ocrx_word' id='word_1_188' title='bbox 724 2913 867 2984; x_wconf 90' lang='grc' dir='ltr'>κλίνεται</span> <span class='ocrx_word' id='word_1_189' title='bbox 893 2913 978 2984; x_wconf 84' lang='grc' dir='ltr'>κατὰ</span> <span class='ocrx_word' id='word_1_190' title='bbox 1003 2911 1064 2984; x_wconf 91' lang='grc' dir='ltr'>τδν</span> <span class='ocrx_word' id='word_1_191' title='bbox 1080 2915 1187 3007; x_wconf 91' lang='grc' dir='ltr'>λόγον</span> 
     </span>
     <span class='ocr_line' id='line_1_24' title="bbox 87 3028 1189 3127; baseline -0.003 -25"><span class='ocrx_word' id='word_1_192' title='bbox 87 3029 307 3127; x_wconf 76' lang='grc' dir='ltr'>συναιρέσεως,</span> <span class='ocrx_word' id='word_1_193' title='bbox 325 3028 394 3100; x_wconf 74' lang='grc' dir='ltr'>οἷον</span> <span class='ocrx_word' id='word_1_194' title='bbox 419 3031 438 3098; x_wconf 89' lang='grc' dir='ltr'>ἁ</span> <span class='ocrx_word' id='word_1_195' title='bbox 467 3029 538 3104; x_wconf 90' lang='grc' dir='ltr'>νόος</span> <span class='ocrx_word' id='word_1_196' title='bbox 561 3033 621 3097; x_wconf 88' lang='grc' dir='ltr'>τοῦ</span> <span class='ocrx_word' id='word_1_197' title='bbox 644 3028 766 3111; x_wconf 87' lang='grc' dir='ltr'>νόου,ὁ</span> <span class='ocrx_word' id='word_1_198' title='bbox 793 3035 861 3104; x_wconf 88' lang='grc' dir='ltr'>νοῦς</span> <span class='ocrx_word' id='word_1_199' title='bbox 884 3035 945 3099; x_wconf 91' lang='grc' dir='ltr'>τοῦ</span> <span class='ocrx_word' id='word_1_200' title='bbox 971 3035 1035 3098; x_wconf 94' lang='grc' dir='ltr'>νοῦ.</span> <span class='ocrx_word' id='word_1_201' title='bbox 1087 3029 1189 3127; x_wconf 88' lang='grc' dir='ltr'>Εύρί-</span> 
     </span>
     <span class='ocr_line' id='line_1_25' title="bbox 87 3141 1189 3239; baseline 0.001 -24"><span class='ocrx_word' id='word_1_202' title='bbox 87 3175 203 3216; x_wconf 88' lang='grc' dir='ltr'>σκεται</span> <span class='ocrx_word' id='word_1_203' title='bbox 222 3142 255 3213; x_wconf 78' lang='grc' dir='ltr'>δὲ</span> <span class='ocrx_word' id='word_1_204' title='bbox 272 3145 304 3214; x_wconf 75' lang='grc' dir='ltr'>ἐν</span> <span class='ocrx_word' id='word_1_205' title='bbox 320 3153 391 3219; x_wconf 87' lang='grc' dir='ltr'>τοίς</span> <span class='ocrx_word' id='word_1_206' title='bbox 407 3151 570 3239; x_wconf 82' lang='grc' dir='ltr'>χρησμοῖς</span> <span class='ocrx_word' id='word_1_207' title='bbox 586 3148 634 3232; x_wconf 79' lang='grc' dir='ltr'>τῷ</span> <span class='ocrx_word' id='word_1_208' title='bbox 660 3142 744 3224; x_wconf 78' lang='grc' dir='ltr'>ναίὴ</span> <span class='ocrx_word' id='word_1_209' title='bbox 762 3141 883 3225; x_wconf 73' lang='grc' dir='ltr'>δοτικὴ,</span> <span class='ocrx_word' id='word_1_210' title='bbox 901 3146 940 3220; x_wconf 84' lang='grc' dir='ltr'>ὡς</span> <span class='ocrx_word' id='word_1_211' title='bbox 957 3142 1025 3215; x_wconf 87' lang='grc' dir='ltr'>ἆπδ</span> <span class='ocrx_word' id='word_1_212' title='bbox 1042 3154 1100 3227; x_wconf 77' lang='grc' dir='ltr'>τῆς</span> <span class='ocrx_word' id='word_1_213' title='bbox 1118 3145 1189 3222; x_wconf 86' lang='grc' dir='ltr'>νοῦς</span> 
     </span>
     <span class='ocr_line' id='line_1_26' title="bbox 88 3256 1233 3352; baseline -0.001 -22"><span class='ocrx_word' id='word_1_214' title='bbox 88 3268 224 3352; x_wconf 72' lang='grc' dir='ltr'>γενικῆς.</span> <span class='ocrx_word' id='word_1_215' title='bbox 275 3259 344 3330; x_wconf 84' lang='grc' dir='ltr'>Καί</span> <span class='ocrx_word' id='word_1_216' title='bbox 369 3256 412 3330; x_wconf 85' lang='grc' dir='ltr'>τῦ</span> <span class='ocrx_word' id='word_1_217' title='bbox 438 3262 538 3336; x_wconf 87' lang='grc' dir='ltr'>εύνους</span> <span class='ocrx_word' id='word_1_218' title='bbox 560 3259 602 3330; x_wconf 87' lang='grc' dir='ltr'>τῦ</span> <span class='ocrx_word' id='word_1_219' title='bbox 624 3261 778 3331; x_wconf 84' lang='grc' dir='ltr'>σύνθετον</span> <span class='ocrx_word' id='word_1_220' title='bbox 795 3260 1028 3349; x_wconf 87' lang='grc' dir='ltr'>ἰσοσυλλὰβως</span> <span class='ocrx_word' id='word_1_221' title='bbox 1044 3265 1186 3336; x_wconf 87' lang='grc' dir='ltr'>κλίνεται</span> <span class='ocrx_word' id='word_1_222' title='bbox 1199 3291 1213 3329; x_wconf 84' lang='grc' dir='ltr'>α</span> <span class='ocrx_word' id='word_1_223' title='bbox 1218 3293 1233 3348; x_wconf 83' lang='lat'>5</span> 
     </span>
     <span class='ocr_line' id='line_1_27' title="bbox 88 3371 1188 3460; baseline 0.002 -14"><span class='ocrx_word' id='word_1_224' title='bbox 88 3376 217 3458; x_wconf 84' lang='grc' dir='ltr'>ὁμοίως,</span> <span class='ocrx_word' id='word_1_225' title='bbox 234 3371 303 3445; x_wconf 85' lang='grc' dir='ltr'>οἰον</span> <span class='ocrx_word' id='word_1_226' title='bbox 319 3377 338 3445; x_wconf 88' lang='grc' dir='ltr'>ὁ</span> <span class='ocrx_word' id='word_1_227' title='bbox 356 3375 457 3450; x_wconf 88' lang='grc' dir='ltr'>εύνους</span> <span class='ocrx_word' id='word_1_228' title='bbox 473 3383 534 3446; x_wconf 88' lang='grc' dir='ltr'>τοῦ</span> <span class='ocrx_word' id='word_1_229' title='bbox 551 3377 646 3446; x_wconf 78' lang='grc' dir='ltr'>εὔνου.</span> <span class='ocrx_word' id='word_1_230' title='bbox 697 3376 746 3444; x_wconf 88' lang='lat' dir='ltr'>&#39;H</span> <span class='ocrx_word' id='word_1_231' title='bbox 765 3378 868 3448; x_wconf 86' lang='grc' dir='ltr'>εύθεῐα</span> <span class='ocrx_word' id='word_1_232' title='bbox 885 3383 950 3448; x_wconf 89' lang='grc' dir='ltr'>τῶν</span> <span class='ocrx_word' id='word_1_233' title='bbox 967 3382 1188 3460; x_wconf 83' lang='grc' dir='ltr'>πληθυντικῶν</span> 
     </span>
     <span class='ocr_line' id='line_1_28' title="bbox 91 3487 1189 3588; baseline -0.001 -27"><span class='ocrx_word' id='word_1_234' title='bbox 91 3494 124 3561; x_wconf 87' lang='grc' dir='ltr'>οί</span> <span class='ocrx_word' id='word_1_235' title='bbox 148 3488 231 3561; x_wconf 85' lang='grc' dir='ltr'>εῦνοί</span> <span class='ocrx_word' id='word_1_236' title='bbox 254 3491 354 3561; x_wconf 88' lang='grc' dir='ltr'>ε’στιν·</span> <span class='ocrx_word' id='word_1_237' title='bbox 392 3493 424 3558; x_wconf 86' lang='grc' dir='ltr'>οί</span> <span class='ocrx_word' id='word_1_238' title='bbox 449 3488 516 3588; x_wconf 81' lang='grc' dir='ltr'>γὰρ</span> <span class='ocrx_word' id='word_1_239' title='bbox 548 3487 748 3587; x_wconf 77' lang='grc' dir='ltr'>χρησάμενοι</span> <span class='ocrx_word' id='word_1_240' title='bbox 779 3493 830 3561; x_wconf 89' lang='grc' dir='ltr'>καί</span> <span class='ocrx_word' id='word_1_241' title='bbox 862 3492 1006 3568; x_wconf 88' lang='grc' dir='ltr'>εἰπόντες</span> <span class='ocrx_word' id='word_1_242' title='bbox 1029 3494 1062 3561; x_wconf 84' lang='grc' dir='ltr'>οἰ</span> <span class='ocrx_word' id='word_1_243' title='bbox 1088 3494 1189 3568; x_wconf 85' lang='grc' dir='ltr'>εύνους</span> 
     </span>
     <span class='ocr_line' id='line_1_29' title="bbox 90 3604 1187 3704; baseline 0.002 -28"><span class='ocrx_word' id='word_1_244' title='bbox 90 3612 191 3683; x_wconf 85' lang='grc' dir='ltr'>κακῶς</span> <span class='ocrx_word' id='word_1_245' title='bbox 206 3607 405 3704; x_wconf 77' lang='grc' dir='ltr'>ἐχρήσαντο.</span> <span class='ocrx_word' id='word_1_246' title='bbox 450 3605 560 3677; x_wconf 86' lang='grc' dir='ltr'>Ἔστι</span> <span class='ocrx_word' id='word_1_247' title='bbox 588 3605 621 3675; x_wconf 77' lang='grc' dir='ltr'>δὲ</span> <span class='ocrx_word' id='word_1_248' title='bbox 644 3609 738 3677; x_wconf 90' lang='grc' dir='ltr'>πᾶσα</span> <span class='ocrx_word' id='word_1_249' title='bbox 761 3609 867 3682; x_wconf 89' lang='grc' dir='ltr'>κλίσις</span> <span class='ocrx_word' id='word_1_250' title='bbox 884 3604 952 3677; x_wconf 85' lang='grc' dir='ltr'>ἁπδ</span> <span class='ocrx_word' id='word_1_251' title='bbox 970 3608 1187 3703; x_wconf 76' lang='grc' dir='ltr'>συναιρέσεως.</span> 
     </span>
     <span class='ocr_line' id='line_1_30' title="bbox 92 3720 489 3806; baseline -0.003 -14"><span class='ocrx_word' id='word_1_252' title='bbox 92 3723 211 3793; x_wconf 88' lang='grc' dir='ltr'>Ταῦτα</span> <span class='ocrx_word' id='word_1_253' title='bbox 226 3720 284 3806; x_wconf 76' lang='grc' dir='ltr'>μῦν</span> <span class='ocrx_word' id='word_1_254' title='bbox 300 3723 332 3791; x_wconf 77' lang='grc' dir='ltr'>ἐν</span> <span class='ocrx_word' id='word_1_255' title='bbox 347 3722 489 3797; x_wconf 86' lang='grc' dir='ltr'>τούτοις.</span> 
     </span>
    </p>

    <p class='ocr_par' dir='ltr' id='par_1_7' title="bbox 91 3835 1238 4508">
     <span class='ocr_line' id='line_1_31' title="bbox 141 3835 1238 3934; baseline 0.003 -27"><span class='ocrx_word' id='word_1_256' title='bbox 141 3837 271 3908; x_wconf 80' lang='grc' dir='ltr'>Ἰστέον</span> <span class='ocrx_word' id='word_1_257' title='bbox 287 3836 321 3908; x_wconf 78' lang='grc' dir='ltr'>δὲ</span> <span class='ocrx_word' id='word_1_258' title='bbox 337 3838 391 3908; x_wconf 83' lang='grc' dir='ltr'>ὅτι</span> <span class='ocrx_word' id='word_1_259' title='bbox 408 3836 452 3909; x_wconf 85' lang='grc' dir='ltr'>τὰ</span> <span class='ocrx_word' id='word_1_260' title='bbox 470 3835 561 3934; x_wconf 80' lang='grc' dir='ltr'>παρὰ</span> <span class='ocrx_word' id='word_1_261' title='bbox 578 3844 640 3908; x_wconf 92' lang='grc' dir='ltr'>τοῦ</span> <span class='ocrx_word' id='word_1_262' title='bbox 662 3838 742 3914; x_wconf 82' lang='grc' dir='ltr'>πούς</span> <span class='ocrx_word' id='word_1_263' title='bbox 769 3839 907 3909; x_wconf 79' lang='grc' dir='ltr'>σύνθετα</span> <span class='ocrx_word' id='word_1_264' title='bbox 927 3839 988 3922; x_wconf 75' lang='grc' dir='ltr'>την</span> <span class='ocrx_word' id='word_1_265' title='bbox 1004 3845 1064 3910; x_wconf 87' lang='grc' dir='ltr'>τοῦ</span> <span class='ocrx_word' id='word_1_266' title='bbox 1079 3843 1191 3912; x_wconf 80' lang='grc' dir='ltr'>ἁπλοῦ</span> <span class='ocrx_word' id='word_1_267' title='bbox 1199 3871 1238 3929; x_wconf 83' lang='lat'>30</span> 
     </span>
     <span class='ocr_line' id='line_1_32' title="bbox 92 3949 1192 4048; baseline 0.005 -28"><span class='ocrx_word' id='word_1_268' title='bbox 92 3949 303 4048; x_wconf 79' lang='grc' dir='ltr'>φυλάττουσι</span> <span class='ocrx_word' id='word_1_269' title='bbox 333 3953 450 4033; x_wconf 89' lang='grc' dir='ltr'>κλίσιν,</span> <span class='ocrx_word' id='word_1_270' title='bbox 476 3951 528 4020; x_wconf 87' lang='grc' dir='ltr'>καί</span> <span class='ocrx_word' id='word_1_271' title='bbox 560 3949 611 4022; x_wconf 80' lang='grc' dir='ltr'>διὰ</span> <span class='ocrx_word' id='word_1_272' title='bbox 637 3957 699 4022; x_wconf 91' lang='grc' dir='ltr'>τοῦ</span> <span class='ocrx_word' id='word_1_273' title='bbox 729 3981 792 4022; x_wconf 74' lang='grc' dir='ltr'>οοε</span> <span class='ocrx_word' id='word_1_274' title='bbox 816 3953 980 4024; x_wconf 89' lang='grc' dir='ltr'>κλίνονται</span> <span class='ocrx_word' id='word_1_275' title='bbox 1003 3955 1121 4037; x_wconf 86' lang='grc' dir='ltr'>ὁμοίως</span> <span class='ocrx_word' id='word_1_276' title='bbox 1142 3963 1192 4046; x_wconf 75' lang='grc' dir='ltr'>τῷ</span> 
     </span>
     <span class='ocr_line' id='line_1_33' title="bbox 91 4062 1190 4166; baseline 0.002 -30"><span class='ocrx_word' id='word_1_277' title='bbox 91 4070 204 4156; x_wconf 77' lang='grc' dir='ltr'>ἁπλῷ,</span> <span class='ocrx_word' id='word_1_278' title='bbox 215 4062 283 4136; x_wconf 79' lang='grc' dir='ltr'>οἷον</span> <span class='ocrx_word' id='word_1_279' title='bbox 296 4066 375 4143; x_wconf 88' lang='grc' dir='ltr'>ποῦς</span> <span class='ocrx_word' id='word_1_280' title='bbox 385 4064 497 4150; x_wconf 86' lang='grc' dir='ltr'>ποδδς,</span> <span class='ocrx_word' id='word_1_281' title='bbox 539 4065 660 4142; x_wconf 89' lang='grc' dir='ltr'>ἰδίπους</span> <span class='ocrx_word' id='word_1_282' title='bbox 671 4065 862 4149; x_wconf 90' lang='grc' dir='ltr'>Οἰδίποδος,</span> <span class='ocrx_word' id='word_1_283' title='bbox 874 4069 1010 4162; x_wconf 88' lang='grc' dir='ltr'>τρίπους</span> <span class='ocrx_word' id='word_1_284' title='bbox 1021 4067 1190 4166; x_wconf 91' lang='grc' dir='ltr'>τρίποδος,</span> 
     </span>
     <span class='ocr_line' id='line_1_34' title="bbox 93 4177 1191 4278; baseline 0 -26"><span class='ocrx_word' id='word_1_285' title='bbox 93 4179 277 4278; x_wconf 89' lang='grc' dir='ltr'>τετρὰτους</span> <span class='ocrx_word' id='word_1_286' title='bbox 292 4178 509 4278; x_wconf 78' lang='grc' dir='ltr'>τετράποδος,</span> <span class='ocrx_word' id='word_1_287' title='bbox 526 4177 693 4256; x_wconf 85' lang='grc' dir='ltr'>ε’πτὰπους</span> <span class='ocrx_word' id='word_1_288' title='bbox 710 4177 910 4258; x_wconf 85' lang='grc' dir='ltr'>ίπτὰποδος.</span> <span class='ocrx_word' id='word_1_289' title='bbox 948 4180 1003 4252; x_wconf 89' lang='grc' dir='ltr'>Τὰ</span> <span class='ocrx_word' id='word_1_290' title='bbox 1022 4181 1089 4278; x_wconf 81' lang='grc' dir='ltr'>γὰρ</span> <span class='ocrx_word' id='word_1_291' title='bbox 1106 4182 1191 4253; x_wconf 85' lang='grc' dir='ltr'>διπο-</span> 
     </span>
     <span class='ocr_line' id='line_1_35' title="bbox 94 4295 1190 4395; baseline 0.005 -31"><span class='ocrx_word' id='word_1_292' title='bbox 94 4297 183 4387; x_wconf 76' lang='grc' dir='ltr'>βολῇ</span> <span class='ocrx_word' id='word_1_293' title='bbox 211 4301 272 4366; x_wconf 91' lang='grc' dir='ltr'>τοῦ</span> <span class='ocrx_word' id='word_1_294' title='bbox 298 4325 317 4364; x_wconf 75' lang='lat' dir='ltr'><strong>x</strong></span> <span class='ocrx_word' id='word_1_295' title='bbox 343 4302 500 4366; x_wconf 90' lang='grc' dir='ltr'>ποιοῦντα</span> <span class='ocrx_word' id='word_1_296' title='bbox 526 4297 586 4379; x_wconf 75' lang='grc' dir='ltr'>τίην</span> <span class='ocrx_word' id='word_1_297' title='bbox 614 4295 748 4388; x_wconf 76' lang='grc' dir='ltr'>γενικὴν,</span> <span class='ocrx_word' id='word_1_298' title='bbox 769 4298 811 4370; x_wconf 88' lang='grc' dir='ltr'>εἰς</span> <span class='ocrx_word' id='word_1_299' title='bbox 839 4297 900 4378; x_wconf 73' lang='grc' dir='ltr'>τὴν</span> <span class='ocrx_word' id='word_1_300' title='bbox 928 4327 968 4368; x_wconf 77' lang='grc' dir='ltr'>ον</span> <span class='ocrx_word' id='word_1_301' title='bbox 998 4297 1190 4395; x_wconf 85' lang='grc' dir='ltr'>δίφθογγον</span> 
     </span>
     <span class='ocr_line' id='line_1_36' title="bbox 93 4408 1236 4508; baseline 0.003 -29"><span class='ocrx_word' id='word_1_302' title='bbox 93 4410 217 4505; x_wconf 80' lang='grc' dir='ltr'>ἔχοντα</span> <span class='ocrx_word' id='word_1_303' title='bbox 241 4409 349 4492; x_wconf 79' lang='grc' dir='ltr'>αύτίιν,</span> <span class='ocrx_word' id='word_1_304' title='bbox 364 4408 511 4481; x_wconf 82' lang='grc' dir='ltr'>Ἀττικά</span> <span class='ocrx_word' id='word_1_305' title='bbox 529 4413 620 4492; x_wconf 87' lang='grc' dir='ltr'>εἰσιν,</span> <span class='ocrx_word' id='word_1_306' title='bbox 639 4409 708 4480; x_wconf 87' lang='grc' dir='ltr'>οἰον</span> <span class='ocrx_word' id='word_1_307' title='bbox 731 4413 749 4480; x_wconf 90' lang='grc' dir='ltr'><strong><em>ὁ</em></strong></span> <span class='ocrx_word' id='word_1_308' title='bbox 776 4411 911 4505; x_wconf 88' lang='grc' dir='ltr'>τρίπους</span> <span class='ocrx_word' id='word_1_309' title='bbox 936 4417 997 4482; x_wconf 89' lang='grc' dir='ltr'>τοῦ</span> <span class='ocrx_word' id='word_1_310' title='bbox 1022 4413 1152 4508; x_wconf 86' lang='grc' dir='ltr'>τρίπον,</span> <span class='ocrx_word' id='word_1_311' title='bbox 1171 4415 1189 4482; x_wconf 90' lang='grc' dir='ltr'><strong><em>ὁ</em></strong></span> <span class='ocrx_word' id='word_1_312' title='bbox 1198 4449 1214 4504; x_wconf 87' lang='lat'>3</span> <span class='ocrx_word' id='word_1_313' title='bbox 1219 4447 1236 4507; x_wconf 79' lang='lat'><em>5</em></span> 
     </span>
    </p>
   </div>
   <div class='ocr_carea' id='block_1_5' title="bbox 0 0 1514 5024">
    <p class='ocr_par' dir='ltr' id='par_1_8' title="bbox 0 0 1514 5024">
     <span class='ocr_line' id='line_1_37' title="bbox 0 0 1514 5024; baseline 0 0"><span class='ocrx_word' id='word_1_314' title='bbox 0 0 1514 5024; x_wconf 95' lang='lat' dir='ltr'> </span> 
     </span>
    </p>
   </div>
  </div>
 </body>
</html>
