2954 5020
255 249 315 298 102
544 231 745 292 rmprwr
767 226 1059 290 ΧΟῙΡΟΒΟΣΚΟΎ
1379 225 1455 288 Am

248 404 348 474 πέντε
371 401 487 475 τελικά
505 405 567 474 εἰσι
584 405 650 472 τῶν
666 401 839 496 άρσενικῶν
856 394 1026 480 ὀνομάτων
1041 405 1196 494 στοιχεῖα
1221 425 1254 477 ιι,
1273 423 1315 478 ι,
1338 425 1371 480 ι’,

251 549 279 602 2,
298 549 330 589 υ.
367 517 422 590 Τὰ
441 515 573 589 οδνίιπὸ
589 521 655 587 τῶν
671 517 714 591 εἰς
731 545 764 596 κ,
783 541 815 595 ιι,
836 543 864 595 υ,
883 543 912 598 z,
930 543 961 595 υ,
980 511 1129 596 ὀνόματα
1153 513 1268 608 ἔχουσι
1298 513 1373 594 τὴν

250 634 434 716 αἰτιατικὴν
459 633 690 718 ἰσοσύλλαβον
714 635 757 723 τὴ
784 627 905 724 δοτικὴ,
927 630 979 700 καί
1006 633 1049 708 εἰς
1077 659 1087 700 ι
1114 627 1372 725 έκφωναύμενον

249 753 346 842 λὴγει
364 753 381 830 ὴ
400 747 587 832 δοτικὴ,καί
606 745 760 830 δηλονότι
786 747 901 843 τρέπει
918 744 961 817 τό
980 777 991 817 ι
1010 749 1053 824 εἰς
1071 775 1102 828 A,
1119 745 1171 816 καί
1188 754 1279 815 ποιεῖ
1296 743 1371 825 τὴν

249 868 442 946 αἰτιατικὴν·
469 863 550 948 οῖον,
568 859 687 954 Φοῖνιξ
709 861 859 938 Φοίνικος
884 861 1010 932 Φοίνικι
1042 861 1187 942 Φαίνικα,
1206 859 1399 954 Νέστωρ5

250 979 428 1078 Νέστορος
455 979 609 1074 Νέστορι
640 975 815 1072 Νέστορα,
848 973 983 1069 Πέλοψ
1019 975 1181 1054 Πέλοπος
1216 975 1367 1044 Πέλοπι

250 1095 404 1178 Πέλοπα,
424 1092 574 1166 Πλάτων
593 1089 778 1168 Πλάτωνος
797 1090 958 1166 Πλάτωνι
977 1089 1159 1164 Πλάτωνα.
1212 1089 1268 1161 Τίι
1286 1087 1368 1186 γὰρ

246 1211 416 1282 Ἀπόλλω
431 1212 484 1281 καί
504 1208 657 1282 Ποσειδῶ
679 1205 748 1279 άτδ
773 1214 834 1280 τοῦ
848 1205 1056 1278 Ἀπόλλωνα
1080 1208 1133 1278 καί
1159 1204 1368 1278 Ποσειδῶνα

250 1326 412 1420 γεγόνασι
438 1324 523 1400 κατά
551 1325 723 1408 ἀποκοπὴν
748 1332 806 1406 τὴς
830 1353 874 1394 NA
895 1323 1077 1412 συλλαβῆς.
1121 1323 1191 1394 Καί
1214 1320 1260 1393 τά
1286 1319 1368 1392 ότι-ὂ

249 1447 315 1515 τιῖιν
332 1444 374 1519 εἰς
400 1471 417 1511 z
440 1440 610 1533 ληγόντων
627 1441 741 1537 ἔχουσι
767 1441 829 1522 τὴν
850 1441 1033 1524 αἰτιατικὴν
1057 1439 1291 1526 ἰσοσύλλαβον
1313 1443 1367 1532 τῇ
1379 1464 1417 1504 ιο

251 1558 376 1654 δοτικὴ.
419 1557 489 1628 Καὶ
510 1555 663 1641 δηλονότι
690 1553 744 1627 ε’ἰιν
768 1557 870 1652 ἔχωσι
896 1554 940 1628 τὸ
965 1585 975 1627 ι
1001 1557 1252 1653 ἐκφωνούμενον,
1278 1556 1366 1651 τρέ-

251 1705 368 1747 πουσιν
385 1671 466 1746 αι’σδ
483 1676 526 1751 εἰς
549 1672 591 1746 τὸ
608 1702 640 1756 A,
657 1674 709 1744 καῖ
731 1677 863 1743 παιοιῖσι
889 1672 950 1755 τὴν
972 1673 1164 1756 αἰτιατικὴν,
1182 1671 1253 1743 οῖον
1269 1671 1363 1748 Αἶας

251 1790 399 1866 Αἴαντας
439 1788 561 1861 Αἴαντι
596 1787 738 1870 Αἴαντα,
766 1785 886 1884 Λάχης
915 1785 1078 1885 Λάχητος
1104 1787 1245 1886 Λάχητι
1281 1785 1364 1858 Λά-

251 1935 351 2002 χητα,
387 1902 482 2000 ἰδράς
515 1901 652 1999 ἱδρῶτος
681 1902 793 2001 ἱδρῶτι
829 1903 961 2000 ἰδρῶτα,
990 1903 1034 1975 τό
1065 1902 1135 2001 ’γάρ
1170 1911 1287 1994 [Hom.
1316 1911 1359 1978 Il.

252 2021 297 2120 χ’.
317 2025 362 2110 2.]
1375 2035 1411 2095 ¹5

579 2123 641 2196 ἱδρῶ
655 2119 836 2194 ιίπιψύχαντο,

253 2251 322 2322 άπὸ
343 2257 405 2322 τοῦ
425 2249 548 2345 ἰδριῖιτα
572 2253 693 2344 γέγονε
715 2249 801 2322 κατὰ
824 2251 997 2335 ἀποκοπὴν
1020 2259 1080 2335 τὴς
1107 2281 1148 2324 τι
1171 2255 1359 2341 συλλαβῆς.

254 2369 317 2436 Δεῖ
331 2371 535 2462 προσθεῖναι,
553 2367 653 2462 χωρίς
674 2371 740 2437 τῶν
765 2369 809 2443 εἰς
833 2395 906 2454 ουκ,
923 2367 975 2437 καί
999 2367 1099 2464 χωρίς
1120 2374 1187 2440 τῶν
1211 2369 1361 2466 έχόντων

253 2485 296 2558 εἰς
323 2511 363 2552 02
399 2479 544 2577 καθαρὸν
572 2482 632 2564 τὴν
659 2481 794 2574 γενικὴν,
829 2481 969 2580 διχρόνιρ
994 2485 1273 2582 παραληγομένου
1296 2491 1363 2558 τοῦ

255 2627 305 2669 ου.
358 2595 445 2668 Ἐπί
461 2597 588 2669 τούτων
605 2593 673 2694 γάρ
698 2597 792 2667 ἔστιν
812 2597 872 2670 ὅτε
894 2602 1127 2688 ἰσοσυλλαβεῖ,
1145 2599 1215 2672 οἰον
1232 2601 1361 2699 βότρυς
1373 2630 1411 2670 20

254 2715 398 2812 βότρυος
422 2715 547 2812 βότρυΐ
568 2714 704 2809 βότρυν,
730 2710 857 2811 στάχυς
887 2712 1035 2811 στάχυος
1064 2712 1193 2813 στάχυϊ
1214 2715 1359 2815 στάχυν,

254 2829 370 2914 μάντις
391 2828 528 2914 μάντιος
551 2828 670 2915 μάντιῖ
689 2827 818 2915 μάντιν,
840 2832 919 2928 ὄφις
944 2832 1043 2929 ὄφιος
1068 2833 1148 2931 ὄφιΐ
1170 2834 1260 2930 ὅφιν,
1278 2837 1361 2922 βοῦς

255 2944 337 3034 βοὸς
354 2945 418 3031 βοῒ
430 2946 521 3030 βοιῖν,
539 2951 617 3041 χοιῖς
634 2943 715 3042 χοίις
730 2946 794 3043 χοί
813 2947 881 3044 χόα
906 2949 958 3019 καί
975 2955 1066 3046 χοῦν,
1084 2947 1192 3046 διχῶς.
1237 2949 1362 3047 Πρόσ-

255 3092 357 3133 κειται
383 3061 532 3156 ἀνωτέρω
549 3057 637 3130 “ε’ἰιν
662 3061 764 3157 ἔχωσι
789 3059 832 3132 τί)
851 3092 862 3131 ι
884 3063 1153 3158 ἕκφωνούμενον,”
1168 3061 1278 3148 ἐπειδὴ
1301 3063 1360 3136 ε’άν

172 3207 214 3274 74
227 3177 356 3273 ῖιέχωσι
382 3174 425 3246 τὸ
452 3205 462 3246 ι
490 3175 715 3274 άνεκφόνητον
738 3179 775 3247 ού
801 3179 979 3276 τρέπουσιν
1005 3178 1087 3251 αὐτὸ
1117 3183 1159 3257 εἰς
1183 3177 1227 3251 τό
1255 3209 1276 3251 A
1302 3181 1357 3252 καί
1369 3203 1406 3264 25

255 3297 387 3364 ποιοιῖσι
404 3291 465 3374 τὴν
482 3294 673 3375 αἰτιατικὴν.
716 3291 801 3364 Ἰδού
818 3291 887 3392 γάρ
904 3295 978 3367 ἐστι
1004 3301 1053 3388 τῷ
1067 3295 1200 3392 κοχλίᾳ,
1217 3295 1270 3366 καί
1288 3293 1360 3367 ἰδού

255 3406 323 3506 γάρ
349 3409 441 3480 ε’στιν
465 3409 603 3482 ε’νταιῖθα
627 3413 645 3492 ὴ
668 3407 779 3491 δοτικὴ
804 3411 847 3486 εἰς
870 3439 895 3495 ι,
917 3411 970 3482 καί
996 3412 1064 3508 ἔχει
1089 3412 1150 3495 τὴν
1174 3413 1359 3496 αἰτιατικὴν

256 3525 497 3610 ἰσοσύλλαβον,
514 3523 575 3596 τόν
597 3525 736 3622 κοχλίιιν
757 3521 827 3622 γάρ
852 3526 946 3597 ε’στιν
968 3527 1179 3612 ὴαίτιατικὴ,
1195 3529 1248 3600 καί
1271 3527 1358 3612 ὅμως

257 3642 294 3710 οὗ
318 3650 408 3710 ποιεῖ
430 3647 541 3735 τροπῇ
559 3647 621 3712 τοῦ
647 3671 658 3712 ι
683 3645 726 3716 εἰς
755 3671 773 3712 A
796 3643 856 3725 τὴν
879 3644 1072 3726 αἰτιατικὴν·
1094 3643 1171 3714 ἀλλ’
1187 3645 1243 3716 οόκ
1266 3645 1359 3716 im!-

255 3783 358 3824 κειται
383 3756 466 3835 ὴμῖν,
489 3751 598 3837 ἰπαδὴ
621 3753 664 3826 τό
686 3785 696 3826 1
721 3757 947 3854 άνεκφῶνητον
968 3760 1055 3832 ε’στι.
1101 3757 1218 3833 Ταῦτα
1240 3759 1299 3843 μίν
1323 3761 1406 3850 ἰνςο

256 3868 398 3944 τούτοις.

306 3981 495 4080 Ἀποροιῖσι
521 3981 556 4054 δι’
579 4013 663 4064 τινες
679 3986 847 4080 λέγοντες,
869 3992 899 4060 εἰ
921 3988 987 4088 άρα
1012 3996 1108 4064 πᾶσα
1132 3991 1254 4075 δοτικὴ,
1281 3995 1325 4070 εἰς
1345 4025 1356 4065 ι

256 4101 494 4198 ἰκφωνούμενον
516 4105 680 4194 λὴγουσα,
705 4111 817 4202 τροπῇ
846 4113 907 4176 τοιῖ
937 4137 948 4178 ι
979 4111 1023 4184 εἰς
1047 4139 1068 4179 A
1090 4111 1151 4193 τὴν
1176 4111 1360 4193 αἰτιατικὴν

257 4227 354 4300 ποιεῖ,
373 4215 462 4290 διατί
476 4219 520 4302 μὴ
538 4217 606 4290 άπὸ
629 4225 691 4292 τοῦ
709 4219 823 4304 Λητοῖ
845 4222 898 4294 καί
921 4221 1068 4320 Σαπφοῖ
1092 4227 1219 4317 γίνεται
1246 4233 1358 4321 τραπῇ
