<?xml version="1.0" encoding="UTF-8"?>
<!DOCTYPE html PUBLIC "-//W3C//DTD XHTML 1.0 Transitional//EN"
    "http://www.w3.org/TR/xhtml1/DTD/xhtml1-transitional.dtd">
<html xmlns="http://www.w3.org/1999/xhtml" xml:lang="en" lang="en">
 <head>
  <title>
</title>
<meta http-equiv="Content-Type" content="text/html;charset=utf-8" />
  <meta name='ocr-system' content='tesseract 3.04.00' />
  <meta name='ocr-capabilities' content='ocr_page ocr_carea ocr_par ocr_line ocrx_word'/>
</head>
<body>
  <div class='ocr_page' id='page_1' title='image "./georgiichoerobo00choegoog_0528.png"; bbox 0 0 2972 5014; ppageno 0'>
   <div class='ocr_carea' id='block_1_1' title="bbox 704 0 1373 6">
    <p class='ocr_par' dir='ltr' id='par_1_1' title="bbox 704 0 1373 6">
     <span class='ocr_line' id='line_1_1' title="bbox 704 0 1373 6; baseline 0 0"><span class='ocrx_word' id='word_1_1' title='bbox 704 0 1373 6; x_wconf 95' lang='lat' dir='ltr'> </span> 
     </span>
    </p>
   </div>
   <div class='ocr_carea' id='block_1_2' title="bbox 23 319 1221 404">
    <p class='ocr_par' dir='ltr' id='par_1_2' title="bbox 23 319 1221 404">
     <span class='ocr_line' id='line_1_2' title="bbox 23 319 1221 404; baseline 0.013 -31"><span class='ocrx_word' id='word_1_2' title='bbox 23 321 85 387; x_wconf 73' lang='grc' dir='ltr'>δ’,</span> <span class='ocrx_word' id='word_1_3' title='bbox 442 321 510 382; x_wconf 78' lang='grc' dir='ltr'>ΕΙΣ</span> <span class='ocrx_word' id='word_1_4' title='bbox 530 321 587 382; x_wconf 82' lang='grc' dir='ltr'>ΤΟ</span> <span class='ocrx_word' id='word_1_5' title='bbox 611 319 904 382; x_wconf 79' lang='grc' dir='ltr'><strong>ΟΝΟΜΑΤῙΚΟΝ.</strong></span> <span class='ocrx_word' id='word_1_6' title='bbox 1157 327 1221 404; x_wconf 81' lang='grc'>379</span> 
     </span>
    </p>
   </div>
   <div class='ocr_carea' id='block_1_3' title="bbox 97 483 1213 817">
    <p class='ocr_par' dir='ltr' id='par_1_3' title="bbox 97 483 1213 817">
     <span class='ocr_line' id='line_1_3' title="bbox 99 483 1212 587; baseline -0.003 -25"><span class='ocrx_word' id='word_1_7' title='bbox 99 488 280 587; x_wconf 74' lang='grc' dir='ltr'>σῦὀετίρφ·</span> <span class='ocrx_word' id='word_1_8' title='bbox 314 487 357 562; x_wconf 83' lang='grc' dir='ltr'>τὰ</span> <span class='ocrx_word' id='word_1_9' title='bbox 381 485 440 574; x_wconf 83' lang='grc' dir='ltr'>μίν</span> <span class='ocrx_word' id='word_1_10' title='bbox 465 487 533 587; x_wconf 83' lang='grc' dir='ltr'>γὰρ</span> <span class='ocrx_word' id='word_1_11' title='bbox 558 486 601 566; x_wconf 79' lang='grc' dir='ltr'>είς</span> <span class='ocrx_word' id='word_1_12' title='bbox 626 486 910 587; x_wconf 83' lang='grc' dir='ltr'>περιστᾶσαι,τό</span> <span class='ocrx_word' id='word_1_13' title='bbox 936 485 971 559; x_wconf 76' lang='grc' dir='ltr'>ὀό</span> <span class='ocrx_word' id='word_1_14' title='bbox 995 487 1032 561; x_wconf 73' lang='grc' dir='ltr'>ἓν</span> <span class='ocrx_word' id='word_1_15' title='bbox 1051 483 1212 582; x_wconf 69' lang='grc' dir='ltr'>ὀξύνεται,</span> 
     </span>
     <span class='ocr_line' id='line_1_4' title="bbox 97 600 1213 703; baseline -0.002 -27"><span class='ocrx_word' id='word_1_16' title='bbox 97 603 223 689; x_wconf 70' lang='grc' dir='ltr'>ἐπειδὴ</span> <span class='ocrx_word' id='word_1_17' title='bbox 249 607 569 703; x_wconf 81' lang='grc' dir='ltr'>βραχυιιαταληετεΐ·</span> <span class='ocrx_word' id='word_1_18' title='bbox 602 603 830 702; x_wconf 82' lang='grc' dir='ltr'>περισπωμίνη</span> <span class='ocrx_word' id='word_1_19' title='bbox 856 601 890 676; x_wconf 77' lang='grc' dir='ltr'>δὲ</span> <span class='ocrx_word' id='word_1_20' title='bbox 918 600 1025 674; x_wconf 82' lang='grc' dir='ltr'>ὀπάνω</span> <span class='ocrx_word' id='word_1_21' title='bbox 1051 602 1213 700; x_wconf 81' lang='grc' dir='ltr'>βραχείας</span> 
     </span>
     <span class='ocr_line' id='line_1_5' title="bbox 99 713 1211 817; baseline -0.004 -25"><span class='ocrx_word' id='word_1_22' title='bbox 99 722 149 792; x_wconf 80' lang='grc' dir='ltr'>οὗ</span> <span class='ocrx_word' id='word_1_23' title='bbox 166 721 307 803; x_wconf 75' lang='grc' dir='ltr'>τίθεται,</span> <span class='ocrx_word' id='word_1_24' title='bbox 319 721 396 790; x_wconf 79' lang='grc' dir='ltr'>ἀλλ’</span> <span class='ocrx_word' id='word_1_25' title='bbox 409 716 515 790; x_wconf 85' lang='grc' dir='ltr'>ε’πάνω</span> <span class='ocrx_word' id='word_1_26' title='bbox 532 719 629 817; x_wconf 80' lang='grc' dir='ltr'>φύσει</span> <span class='ocrx_word' id='word_1_27' title='bbox 646 723 781 816; x_wconf 86' lang='grc' dir='ltr'>μακρᾶς,</span> <span class='ocrx_word' id='word_1_28' title='bbox 792 719 861 790; x_wconf 84' lang='grc' dir='ltr'>οίον</span> <span class='ocrx_word' id='word_1_29' title='bbox 874 715 1014 816; x_wconf 83' lang='grc' dir='ltr'>Ἑρμῆς,</span> <span class='ocrx_word' id='word_1_30' title='bbox 1029 713 1211 815; x_wconf 75' lang='grc' dir='ltr'>Ἡρακλῆς,</span> 
     </span>
    </p>
   </div>
   <div class='ocr_carea' id='block_1_4' title="bbox 100 831 1210 934">
    <p class='ocr_par' dir='ltr' id='par_1_4' title="bbox 100 831 1210 934">
     <span class='ocr_line' id='line_1_6' title="bbox 100 831 1210 934; baseline -0.003 -26"><span class='ocrx_word' id='word_1_31' title='bbox 100 847 202 914; x_wconf 85' lang='grc' dir='ltr'>παῖς.</span> <span class='ocrx_word' id='word_1_32' title='bbox 249 835 389 919; x_wconf 82' lang='grc' dir='ltr'>Ἐπειόῆ</span> <span class='ocrx_word' id='word_1_33' title='bbox 406 833 460 906; x_wconf 77' lang='grc' dir='ltr'>οὖν</span> <span class='ocrx_word' id='word_1_34' title='bbox 476 833 519 906; x_wconf 85' lang='grc' dir='ltr'>τὰ</span> <span class='ocrx_word' id='word_1_35' title='bbox 536 838 600 912; x_wconf 87' lang='grc' dir='ltr'>πᾶς</span> <span class='ocrx_word' id='word_1_36' title='bbox 616 839 835 933; x_wconf 89' lang='grc' dir='ltr'>περισπᾶται,</span> <span class='ocrx_word' id='word_1_37' title='bbox 853 831 1074 934; x_wconf 76' lang='grc' dir='ltr'>ἀναγκάζεται</span> <span class='ocrx_word' id='word_1_38' title='bbox 1092 835 1145 905; x_wconf 80' lang='grc' dir='ltr'>καί</span> <span class='ocrx_word' id='word_1_39' title='bbox 1167 832 1210 905; x_wconf 85' lang='grc' dir='ltr'>τὰ</span> 
     </span>
    </p>
   </div>
   <div class='ocr_carea' id='block_1_5' title="bbox 1 947 1260 4498">
    <p class='ocr_par' dir='ltr' id='par_1_5' title="bbox 100 947 1260 3232">
     <span class='ocr_line' id='line_1_7' title="bbox 102 947 1237 1049; baseline -0.002 -26"><span class='ocrx_word' id='word_1_40' title='bbox 102 951 293 1048; x_wconf 71' lang='grc' dir='ltr'>οὐθέτερον,</span> <span class='ocrx_word' id='word_1_41' title='bbox 307 951 397 1049; x_wconf 79' lang='grc' dir='ltr'>φημί</span> <span class='ocrx_word' id='word_1_42' title='bbox 415 949 452 1033; x_wconf 76' lang='grc' dir='ltr'>ὀῆ</span> <span class='ocrx_word' id='word_1_43' title='bbox 468 947 511 1022; x_wconf 86' lang='grc' dir='ltr'>τὰ</span> <span class='ocrx_word' id='word_1_44' title='bbox 528 953 604 1033; x_wconf 89' lang='grc' dir='ltr'>πᾶν,</span> <span class='ocrx_word' id='word_1_45' title='bbox 622 955 899 1048; x_wconf 87' lang='grc' dir='ltr'>περισπασθῆναι,</span> <span class='ocrx_word' id='word_1_46' title='bbox 919 952 970 1021; x_wconf 85' lang='grc' dir='ltr'>ίνα</span> <span class='ocrx_word' id='word_1_47' title='bbox 995 947 1128 1046; x_wconf 71' lang='grc' dir='ltr'>φνλάξη</span> <span class='ocrx_word' id='word_1_48' title='bbox 1149 947 1237 1028; x_wconf 84' lang='grc' dir='ltr'>τὰν5</span> 
     </span>
     <span class='ocr_line' id='line_1_8' title="bbox 102 1063 1210 1164; baseline -0.003 -25"><span class='ocrx_word' id='word_1_49' title='bbox 102 1067 213 1139; x_wconf 80' lang='grc' dir='ltr'>τόνον</span> <span class='ocrx_word' id='word_1_50' title='bbox 228 1073 290 1138; x_wconf 78' lang='grc' dir='ltr'>τοῦ</span> <span class='ocrx_word' id='word_1_51' title='bbox 305 1066 483 1164; x_wconf 81' lang='grc' dir='ltr'>ᾶρσενικοᾶ,</span> <span class='ocrx_word' id='word_1_52' title='bbox 500 1068 745 1163; x_wconf 72' lang='grc' dir='ltr'>περισπώμενον</span> <span class='ocrx_word' id='word_1_53' title='bbox 761 1064 796 1136; x_wconf 77' lang='grc' dir='ltr'>ὀί</span> <span class='ocrx_word' id='word_1_54' title='bbox 816 1065 957 1158; x_wconf 87' lang='grc' dir='ltr'>εύλόγως</span> <span class='ocrx_word' id='word_1_55' title='bbox 973 1065 1101 1137; x_wconf 73' lang='grc' dir='ltr'>ἐκτείνει</span> <span class='ocrx_word' id='word_1_56' title='bbox 1117 1063 1160 1136; x_wconf 85' lang='grc' dir='ltr'>πό</span> <span class='ocrx_word' id='word_1_57' title='bbox 1178 1093 1210 1148; x_wconf 76' lang='grc' dir='ltr'>Α,</span> 
     </span>
     <span class='ocr_line' id='line_1_9' title="bbox 104 1177 1210 1278; baseline -0.002 -25"><span class='ocrx_word' id='word_1_58' title='bbox 104 1181 223 1266; x_wconf 82' lang='grc' dir='ltr'>ε’πειόῆ</span> <span class='ocrx_word' id='word_1_59' title='bbox 239 1181 396 1254; x_wconf 80' lang='grc' dir='ltr'>ούόίποπε</span> <span class='ocrx_word' id='word_1_60' title='bbox 420 1181 646 1277; x_wconf 71' lang='grc' dir='ltr'>παρισταμένη</span> <span class='ocrx_word' id='word_1_61' title='bbox 668 1181 745 1252; x_wconf 75' lang='grc' dir='ltr'>οὔτε</span> <span class='ocrx_word' id='word_1_62' title='bbox 769 1177 876 1252; x_wconf 86' lang='grc' dir='ltr'>ε’πάνω</span> <span class='ocrx_word' id='word_1_63' title='bbox 897 1179 1058 1278; x_wconf 84' lang='grc' dir='ltr'>βραχείας</span> <span class='ocrx_word' id='word_1_64' title='bbox 1079 1180 1210 1253; x_wconf 87' lang='grc' dir='ltr'>τίθεται</span> 
     </span>
     <span class='ocr_line' id='line_1_10' title="bbox 104 1291 1212 1393; baseline 0 -25"><span class='ocrx_word' id='word_1_65' title='bbox 104 1298 191 1368; x_wconf 79' lang='grc' dir='ltr'>οὔτε</span> <span class='ocrx_word' id='word_1_66' title='bbox 215 1295 321 1368; x_wconf 82' lang='grc' dir='ltr'>ἐπάνω</span> <span class='ocrx_word' id='word_1_67' title='bbox 348 1297 434 1369; x_wconf 77' lang='grc' dir='ltr'>θέσει</span> <span class='ocrx_word' id='word_1_68' title='bbox 462 1299 597 1392; x_wconf 85' lang='grc' dir='ltr'>μακρᾶς,</span> <span class='ocrx_word' id='word_1_69' title='bbox 623 1295 701 1365; x_wconf 79' lang='grc' dir='ltr'>ἀλλ’</span> <span class='ocrx_word' id='word_1_70' title='bbox 727 1292 833 1366; x_wconf 77' lang='grc' dir='ltr'>ἐπάνω</span> <span class='ocrx_word' id='word_1_71' title='bbox 858 1296 957 1393; x_wconf 82' lang='grc' dir='ltr'>φύσει</span> <span class='ocrx_word' id='word_1_72' title='bbox 981 1297 1116 1393; x_wconf 84' lang='grc' dir='ltr'>μακρᾶς,</span> <span class='ocrx_word' id='word_1_73' title='bbox 1143 1291 1212 1368; x_wconf 71' lang='grc' dir='ltr'>οἷον</span> 
     </span>
     <span class='ocr_line' id='line_1_11' title="bbox 100 1407 1213 1509; baseline 0.004 -30"><span class='ocrx_word' id='word_1_74' title='bbox 100 1409 249 1507; x_wconf 85' lang='grc' dir='ltr'>Ἑρμῆς,</span> <span class='ocrx_word' id='word_1_75' title='bbox 264 1410 445 1508; x_wconf 88' lang='grc' dir='ltr'>Ἡρακλῆς,</span> <span class='ocrx_word' id='word_1_76' title='bbox 463 1419 551 1486; x_wconf 85' lang='grc' dir='ltr'>παῖς.</span> <span class='ocrx_word' id='word_1_77' title='bbox 602 1407 651 1480; x_wconf 80' lang='grc' dir='ltr'>Εί</span> <span class='ocrx_word' id='word_1_78' title='bbox 667 1407 702 1480; x_wconf 77' lang='grc' dir='ltr'>ὀί</span> <span class='ocrx_word' id='word_1_79' title='bbox 718 1439 769 1486; x_wconf 86' lang='grc' dir='ltr'>τις</span> <span class='ocrx_word' id='word_1_80' title='bbox 785 1409 858 1504; x_wconf 84' lang='grc' dir='ltr'>ε’ίπη</span> <span class='ocrx_word' id='word_1_81' title='bbox 874 1407 1035 1504; x_wconf 79' lang='grc' dir='ltr'>ὀξυνέσθω</span> <span class='ocrx_word' id='word_1_82' title='bbox 1050 1408 1096 1482; x_wconf 85' lang='grc' dir='ltr'>τά</span> <span class='ocrx_word' id='word_1_83' title='bbox 1113 1410 1213 1509; x_wconf 89' lang='grc' dir='ltr'>ᾶρσε·</span> 
     </span>
     <span class='ocr_line' id='line_1_12' title="bbox 107 1523 1260 1624; baseline -0.003 -26"><span class='ocrx_word' id='word_1_84' title='bbox 107 1525 195 1608; x_wconf 85' lang='grc' dir='ltr'>νικά,</span> <span class='ocrx_word' id='word_1_85' title='bbox 213 1526 298 1623; x_wconf 82' lang='grc' dir='ltr'>φημί</span> <span class='ocrx_word' id='word_1_86' title='bbox 316 1525 353 1609; x_wconf 78' lang='grc' dir='ltr'>δίς</span> <span class='ocrx_word' id='word_1_87' title='bbox 369 1523 412 1598; x_wconf 86' lang='grc' dir='ltr'>τὰ</span> <span class='ocrx_word' id='word_1_88' title='bbox 429 1529 504 1610; x_wconf 93' lang='grc' dir='ltr'>πᾶς,</span> <span class='ocrx_word' id='word_1_89' title='bbox 519 1527 572 1596; x_wconf 76' lang='grc' dir='ltr'>’ίνα</span> <span class='ocrx_word' id='word_1_90' title='bbox 594 1526 638 1610; x_wconf 82' lang='grc' dir='ltr'>μῆ</span> <span class='ocrx_word' id='word_1_91' title='bbox 661 1525 853 1620; x_wconf 72' lang='grc' dir='ltr'>ἀναγκασθῇ</span> <span class='ocrx_word' id='word_1_92' title='bbox 870 1523 913 1598; x_wconf 82' lang='grc' dir='ltr'>τά</span> <span class='ocrx_word' id='word_1_93' title='bbox 931 1525 1107 1624; x_wconf 79' lang='grc' dir='ltr'>ούόἔτερον,</span> <span class='ocrx_word' id='word_1_94' title='bbox 1124 1526 1212 1624; x_wconf 77' lang='grc' dir='ltr'>φημί</span> <span class='ocrx_word' id='word_1_95' title='bbox 1224 1555 1260 1595; x_wconf 86' lang='grc' dir='ltr'>ιο</span> 
     </span>
     <span class='ocr_line' id='line_1_13' title="bbox 106 1639 1213 1734; baseline -0.002 -21"><span class='ocrx_word' id='word_1_96' title='bbox 106 1640 152 1724; x_wconf 79' lang='grc' dir='ltr'>ὀῆ</span> <span class='ocrx_word' id='word_1_97' title='bbox 175 1640 218 1714; x_wconf 88' lang='grc' dir='ltr'>τὰ</span> <span class='ocrx_word' id='word_1_98' title='bbox 243 1645 318 1726; x_wconf 88' lang='grc' dir='ltr'>πᾶν,</span> <span class='ocrx_word' id='word_1_99' title='bbox 340 1643 473 1713; x_wconf 77' lang='grc' dir='ltr'>ἐκτεῖναι</span> <span class='ocrx_word' id='word_1_100' title='bbox 498 1639 541 1713; x_wconf 87' lang='grc' dir='ltr'>τὰ</span> <span class='ocrx_word' id='word_1_101' title='bbox 566 1671 596 1726; x_wconf 74' lang='grc' dir='ltr'>Α,</span> <span class='ocrx_word' id='word_1_102' title='bbox 618 1640 762 1734; x_wconf 78' lang='grc' dir='ltr'>λίγομεν</span> <span class='ocrx_word' id='word_1_103' title='bbox 784 1641 839 1714; x_wconf 81' lang='grc' dir='ltr'>ὅτι</span> <span class='ocrx_word' id='word_1_104' title='bbox 865 1643 902 1713; x_wconf 85' lang='grc' dir='ltr'>ού</span> <span class='ocrx_word' id='word_1_105' title='bbox 923 1640 1054 1714; x_wconf 84' lang='grc' dir='ltr'>ὀύναται</span> <span class='ocrx_word' id='word_1_106' title='bbox 1079 1639 1122 1712; x_wconf 86' lang='grc' dir='ltr'>τὰ</span> <span class='ocrx_word' id='word_1_107' title='bbox 1147 1645 1213 1721; x_wconf 90' lang='grc' dir='ltr'>πᾶς</span> 
     </span>
     <span class='ocr_line' id='line_1_14' title="bbox 108 1753 1213 1854; baseline 0 -26"><span class='ocrx_word' id='word_1_108' title='bbox 108 1755 296 1851; x_wconf 75' lang='grc' dir='ltr'>ὀξύνεσθαι,</span> <span class='ocrx_word' id='word_1_109' title='bbox 319 1755 426 1840; x_wconf 81' lang='grc' dir='ltr'>ε’πειόῆ</span> <span class='ocrx_word' id='word_1_110' title='bbox 452 1767 541 1828; x_wconf 86' lang='grc' dir='ltr'>ποιεῖ</span> <span class='ocrx_word' id='word_1_111' title='bbox 564 1755 732 1854; x_wconf 78' lang='grc' dir='ltr'>ούόίτερον</span> <span class='ocrx_word' id='word_1_112' title='bbox 757 1756 1124 1854; x_wconf 83' lang='grc' dir='ltr'>πορεσχηματισμίνον,</span> <span class='ocrx_word' id='word_1_113' title='bbox 1143 1753 1213 1828; x_wconf 67' lang='grc' dir='ltr'>οἷον</span> 
     </span>
     <span class='ocr_line' id='line_1_15' title="bbox 108 1868 1212 1971; baseline 0.001 -27"><span class='ocrx_word' id='word_1_114' title='bbox 108 1870 157 1944; x_wconf 82' lang='grc' dir='ltr'>τὸ</span> <span class='ocrx_word' id='word_1_115' title='bbox 180 1875 257 1944; x_wconf 86' lang='grc' dir='ltr'>πᾶν.</span> <span class='ocrx_word' id='word_1_116' title='bbox 307 1870 363 1943; x_wconf 81' lang='grc' dir='ltr'>Τὰ</span> <span class='ocrx_word' id='word_1_117' title='bbox 380 1871 449 1971; x_wconf 85' lang='grc' dir='ltr'>γὰρ</span> <span class='ocrx_word' id='word_1_118' title='bbox 466 1875 509 1950; x_wconf 84' lang='grc' dir='ltr'>είς</span> <span class='ocrx_word' id='word_1_119' title='bbox 526 1903 565 1944; x_wconf 76' lang='lat' dir='ltr'>n</span> <span class='ocrx_word' id='word_1_120' title='bbox 583 1869 723 1968; x_wconf 82' lang='grc' dir='ltr'>ὀξύτονα</span> <span class='ocrx_word' id='word_1_121' title='bbox 743 1873 792 1942; x_wconf 81' lang='grc' dir='ltr'>ἐπ’</span> <span class='ocrx_word' id='word_1_122' title='bbox 812 1868 980 1956; x_wconf 79' lang='grc' dir='ltr'>ὀνομάτων</span> <span class='ocrx_word' id='word_1_123' title='bbox 1001 1874 1039 1943; x_wconf 81' lang='grc' dir='ltr'>οὗ</span> <span class='ocrx_word' id='word_1_124' title='bbox 1062 1879 1212 1946; x_wconf 81' lang='grc' dir='ltr'>ποιοῦσιν</span> 
     </span>
     <span class='ocr_line' id='line_1_16' title="bbox 110 1985 1212 2088; baseline -0.002 -26"><span class='ocrx_word' id='word_1_125' title='bbox 110 1987 284 2087; x_wconf 74' lang='grc' dir='ltr'>οὔδει-ἔρον</span> <span class='ocrx_word' id='word_1_126' title='bbox 300 1986 639 2086; x_wconf 83' lang='grc' dir='ltr'>παρασχηματισμὰν,</span> <span class='ocrx_word' id='word_1_127' title='bbox 651 1987 719 2059; x_wconf 75' lang='grc' dir='ltr'>οἷον</span> <span class='ocrx_word' id='word_1_128' title='bbox 732 1986 865 2084; x_wconf 86' lang='grc' dir='ltr'>Ἀρκάς,</span> <span class='ocrx_word' id='word_1_129' title='bbox 880 1985 1001 2085; x_wconf 85' lang='grc' dir='ltr'>φυγὰς,</span> <span class='ocrx_word' id='word_1_130' title='bbox 1013 1987 1212 2088; x_wconf 82' lang='grc' dir='ltr'>χαλκοκρὰς,</span> 
     </span>
     <span class='ocr_line' id='line_1_17' title="bbox 112 2101 1258 2202; baseline 0.003 -27"><span class='ocrx_word' id='word_1_131' title='bbox 112 2101 358 2202; x_wconf 84' lang='grc' dir='ltr'>γολακτοκράς.</span> <span class='ocrx_word' id='word_1_132' title='bbox 409 2116 429 2147; x_wconf 88' lang='grc'><strong>“</strong></span> <span class='ocrx_word' id='word_1_133' title='bbox 442 2103 521 2174; x_wconf 84' lang='grc' dir='ltr'>Ἐπ’</span> <span class='ocrx_word' id='word_1_134' title='bbox 540 2101 727 2188; x_wconf 89' lang='grc' dir='ltr'>ὀνομάτων”</span> <span class='ocrx_word' id='word_1_135' title='bbox 744 2103 949 2200; x_wconf 84' lang='grc' dir='ltr'>πρόσκειται,</span> <span class='ocrx_word' id='word_1_136' title='bbox 967 2102 1019 2176; x_wconf 77' lang='grc' dir='ltr'>διὰ</span> <span class='ocrx_word' id='word_1_137' title='bbox 1035 2103 1096 2182; x_wconf 87' lang='grc' dir='ltr'>πᾶς</span> <span class='ocrx_word' id='word_1_138' title='bbox 1112 2135 1212 2189; x_wconf 89' lang='grc' dir='ltr'>μετο-</span> <span class='ocrx_word' id='word_1_139' title='bbox 1224 2132 1258 2196; x_wconf 81' lang='lat'>15</span> 
     </span>
     <span class='ocr_line' id='line_1_18' title="bbox 112 2216 1211 2316; baseline 0.002 -26"><span class='ocrx_word' id='word_1_140' title='bbox 112 2217 189 2316; x_wconf 86' lang='grc' dir='ltr'>χὰς,</span> <span class='ocrx_word' id='word_1_141' title='bbox 206 2217 274 2290; x_wconf 79' lang='grc' dir='ltr'>οίον</span> <span class='ocrx_word' id='word_1_142' title='bbox 290 2220 309 2290; x_wconf 87' lang='grc' dir='ltr'>ὀ</span> <span class='ocrx_word' id='word_1_143' title='bbox 326 2217 423 2296; x_wconf 87' lang='grc' dir='ltr'>ἱστὰς</span> <span class='ocrx_word' id='word_1_144' title='bbox 443 2223 462 2302; x_wconf 78' lang='grc' dir='ltr'><strong><em>ἧ</em></strong></span> <span class='ocrx_word' id='word_1_145' title='bbox 485 2222 612 2292; x_wconf 76' lang='grc' dir='ltr'>ἱστᾶσα</span> <span class='ocrx_word' id='word_1_146' title='bbox 636 2217 680 2292; x_wconf 86' lang='grc' dir='ltr'>τὰ</span> <span class='ocrx_word' id='word_1_147' title='bbox 705 2216 814 2302; x_wconf 82' lang='grc' dir='ltr'>ἱστὰν,</span> <span class='ocrx_word' id='word_1_148' title='bbox 837 2219 856 2289; x_wconf 89' lang='grc' dir='ltr'>ὁ</span> <span class='ocrx_word' id='word_1_149' title='bbox 881 2217 996 2316; x_wconf 83' lang='grc' dir='ltr'>κιχρᾶς</span> <span class='ocrx_word' id='word_1_150' title='bbox 1021 2223 1040 2302; x_wconf 82' lang='grc' dir='ltr'><em>ἧ</em></span> <span class='ocrx_word' id='word_1_151' title='bbox 1064 2223 1211 2316; x_wconf 86' lang='grc' dir='ltr'>κιχρᾶσα</span> 
     </span>
     <span class='ocr_line' id='line_1_19' title="bbox 112 2331 1210 2433; baseline 0.001 -27"><span class='ocrx_word' id='word_1_152' title='bbox 112 2331 159 2406; x_wconf 87' lang='grc' dir='ltr'>τὰ</span> <span class='ocrx_word' id='word_1_153' title='bbox 176 2331 302 2431; x_wconf 87' lang='grc' dir='ltr'>κιχρᾶν,</span> <span class='ocrx_word' id='word_1_154' title='bbox 318 2335 338 2405; x_wconf 88' lang='grc' dir='ltr'>ὀ</span> <span class='ocrx_word' id='word_1_155' title='bbox 355 2332 446 2432; x_wconf 81' lang='grc' dir='ltr'>φθὰς</span> <span class='ocrx_word' id='word_1_156' title='bbox 462 2337 480 2418; x_wconf 81' lang='grc' dir='ltr'><strong><em>ἦ</em></strong></span> <span class='ocrx_word' id='word_1_157' title='bbox 498 2338 618 2431; x_wconf 82' lang='grc' dir='ltr'>φθᾶσα</span> <span class='ocrx_word' id='word_1_158' title='bbox 635 2333 678 2408; x_wconf 88' lang='grc' dir='ltr'>τὰ</span> <span class='ocrx_word' id='word_1_159' title='bbox 695 2333 829 2433; x_wconf 83' lang='grc' dir='ltr'>φθὰν,ὀ</span> <span class='ocrx_word' id='word_1_160' title='bbox 846 2331 911 2422; x_wconf 82' lang='grc' dir='ltr'>βὰς</span> <span class='ocrx_word' id='word_1_161' title='bbox 927 2337 946 2416; x_wconf 82' lang='grc' dir='ltr'>ῆ</span> <span class='ocrx_word' id='word_1_162' title='bbox 962 2335 1058 2422; x_wconf 86' lang='grc' dir='ltr'>βᾶσα</span> <span class='ocrx_word' id='word_1_163' title='bbox 1074 2331 1118 2406; x_wconf 86' lang='grc' dir='ltr'>τὰ</span> <span class='ocrx_word' id='word_1_164' title='bbox 1133 2331 1210 2422; x_wconf 85' lang='grc' dir='ltr'>βάν.</span> 
     </span>
     <span class='ocr_line' id='line_1_20' title="bbox 115 2447 1211 2548; baseline 0.001 -27"><span class='ocrx_word' id='word_1_165' title='bbox 115 2449 187 2521; x_wconf 80' lang='grc' dir='ltr'>Καὶ</span> <span class='ocrx_word' id='word_1_166' title='bbox 212 2450 374 2548; x_wconf 84' lang='grc' dir='ltr'>ᾶποροᾶσι</span> <span class='ocrx_word' id='word_1_167' title='bbox 404 2449 439 2522; x_wconf 79' lang='grc' dir='ltr'>ὀί</span> <span class='ocrx_word' id='word_1_168' title='bbox 467 2483 560 2535; x_wconf 86' lang='grc' dir='ltr'>τινες,</span> <span class='ocrx_word' id='word_1_169' title='bbox 585 2452 752 2545; x_wconf 72' lang='grc' dir='ltr'>λέγοντες,</span> <span class='ocrx_word' id='word_1_170' title='bbox 778 2452 859 2522; x_wconf 87' lang='grc' dir='ltr'>ποία</span> <span class='ocrx_word' id='word_1_171' title='bbox 889 2447 957 2548; x_wconf 85' lang='grc' dir='ltr'>γὰρ</span> <span class='ocrx_word' id='word_1_172' title='bbox 987 2447 1112 2544; x_wconf 84' lang='grc' dir='ltr'>ἆνάγκη</span> <span class='ocrx_word' id='word_1_173' title='bbox 1134 2450 1211 2522; x_wconf 81' lang='grc' dir='ltr'>ε’στί</span> 
     </span>
     <span class='ocr_line' id='line_1_21' title="bbox 114 2561 1211 2665; baseline -0.001 -29"><span class='ocrx_word' id='word_1_174' title='bbox 114 2575 220 2638; x_wconf 85' lang='grc' dir='ltr'>ποιεῖν</span> <span class='ocrx_word' id='word_1_175' title='bbox 235 2565 278 2640; x_wconf 84' lang='grc' dir='ltr'>τὰ</span> <span class='ocrx_word' id='word_1_176' title='bbox 295 2569 359 2643; x_wconf 88' lang='grc' dir='ltr'>πᾶς</span> <span class='ocrx_word' id='word_1_177' title='bbox 375 2567 569 2665; x_wconf 77' lang='grc' dir='ltr'>τριγόνειαν,</span> <span class='ocrx_word' id='word_1_178' title='bbox 586 2564 654 2639; x_wconf 85' lang='grc' dir='ltr'>οίον</span> <span class='ocrx_word' id='word_1_179' title='bbox 671 2569 689 2638; x_wconf 87' lang='grc' dir='ltr'>ὀ</span> <span class='ocrx_word' id='word_1_180' title='bbox 707 2571 772 2645; x_wconf 88' lang='grc' dir='ltr'>πᾶς</span> <span class='ocrx_word' id='word_1_181' title='bbox 787 2567 839 2637; x_wconf 78' lang='grc' dir='ltr'>καὶ</span> <span class='ocrx_word' id='word_1_182' title='bbox 858 2569 876 2648; x_wconf 78' lang='grc' dir='ltr'><strong><em>ἦ</em></strong></span> <span class='ocrx_word' id='word_1_183' title='bbox 892 2569 987 2636; x_wconf 88' lang='grc' dir='ltr'>πᾶσα</span> <span class='ocrx_word' id='word_1_184' title='bbox 1004 2566 1055 2636; x_wconf 80' lang='grc' dir='ltr'>καί</span> <span class='ocrx_word' id='word_1_185' title='bbox 1072 2561 1116 2638; x_wconf 88' lang='grc' dir='ltr'>τὰ</span> <span class='ocrx_word' id='word_1_186' title='bbox 1133 2566 1211 2649; x_wconf 87' lang='grc' dir='ltr'>πᾶν,</span> 
     </span>
     <span class='ocr_line' id='line_1_22' title="bbox 115 2679 1260 2777; baseline -0.001 -25"><span class='ocrx_word' id='word_1_187' title='bbox 115 2681 201 2753; x_wconf 82' lang='grc' dir='ltr'>ὅπου</span> <span class='ocrx_word' id='word_1_188' title='bbox 216 2680 260 2753; x_wconf 83' lang='grc' dir='ltr'>τά</span> <span class='ocrx_word' id='word_1_189' title='bbox 278 2686 320 2760; x_wconf 87' lang='grc' dir='ltr'>είς</span> <span class='ocrx_word' id='word_1_190' title='bbox 337 2713 378 2754; x_wconf 71' lang='grc' dir='ltr'>ον</span> <span class='ocrx_word' id='word_1_191' title='bbox 396 2684 638 2771; x_wconf 86' lang='grc' dir='ltr'>μονοσύλλαβα</span> <span class='ocrx_word' id='word_1_192' title='bbox 663 2685 712 2754; x_wconf 78' lang='grc' dir='ltr'>ἐπ’</span> <span class='ocrx_word' id='word_1_193' title='bbox 731 2679 898 2766; x_wconf 83' lang='grc' dir='ltr'>ὀνομάτων</span> <span class='ocrx_word' id='word_1_194' title='bbox 921 2681 958 2752; x_wconf 83' lang='grc' dir='ltr'>ού</span> <span class='ocrx_word' id='word_1_195' title='bbox 983 2686 1114 2752; x_wconf 81' lang='grc' dir='ltr'>ποιοῦσι</span> <span class='ocrx_word' id='word_1_196' title='bbox 1138 2710 1260 2777; x_wconf 67' lang='grc' dir='ltr'>τρι-ιο</span> 
     </span>
     <span class='ocr_line' id='line_1_23' title="bbox 116 2793 1209 2896; baseline -0.004 -28"><span class='ocrx_word' id='word_1_197' title='bbox 116 2798 249 2891; x_wconf 87' lang='grc' dir='ltr'>γε’νειαν,</span> <span class='ocrx_word' id='word_1_198' title='bbox 263 2796 331 2871; x_wconf 80' lang='grc' dir='ltr'>οίον</span> <span class='ocrx_word' id='word_1_199' title='bbox 345 2797 451 2896; x_wconf 90' lang='grc' dir='ltr'>Πρὰς,</span> <span class='ocrx_word' id='word_1_200' title='bbox 465 2797 541 2883; x_wconf 86' lang='grc' dir='ltr'>Ζὰς,</span> <span class='ocrx_word' id='word_1_201' title='bbox 554 2796 642 2896; x_wconf 84' lang='grc' dir='ltr'>κρὰς,</span> <span class='ocrx_word' id='word_1_202' title='bbox 656 2797 760 2882; x_wconf 85' lang='grc' dir='ltr'>Χνᾶς,</span> <span class='ocrx_word' id='word_1_203' title='bbox 774 2793 872 2896; x_wconf 89' lang='grc' dir='ltr'>Γράς.</span> <span class='ocrx_word' id='word_1_204' title='bbox 903 2795 1109 2892; x_wconf 86' lang='grc' dir='ltr'>Πρόσιιειται</span> <span class='ocrx_word' id='word_1_205' title='bbox 1129 2806 1149 2836; x_wconf 91' lang='lat'><strong>“</strong></span> <span class='ocrx_word' id='word_1_206' title='bbox 1160 2797 1209 2864; x_wconf 82' lang='grc' dir='ltr'>ἐπ’</span> 
     </span>
     <span class='ocr_line' id='line_1_24' title="bbox 116 2909 1211 3010; baseline -0.002 -26"><span class='ocrx_word' id='word_1_207' title='bbox 116 2911 302 2996; x_wconf 87' lang='grc' dir='ltr'>ὀνομάτων”</span> <span class='ocrx_word' id='word_1_208' title='bbox 319 2911 370 2984; x_wconf 82' lang='grc' dir='ltr'>ὀιᾶ</span> <span class='ocrx_word' id='word_1_209' title='bbox 390 2912 451 2991; x_wconf 89' lang='grc' dir='ltr'>τὰς</span> <span class='ocrx_word' id='word_1_210' title='bbox 475 2911 634 3010; x_wconf 79' lang='grc' dir='ltr'>μετοχὰς,</span> <span class='ocrx_word' id='word_1_211' title='bbox 656 2914 675 2984; x_wconf 91' lang='grc' dir='ltr'>ὁ</span> <span class='ocrx_word' id='word_1_212' title='bbox 701 2910 785 2990; x_wconf 81' lang='grc' dir='ltr'>στάς</span> <span class='ocrx_word' id='word_1_213' title='bbox 811 2909 879 3009; x_wconf 89' lang='grc' dir='ltr'>γὰρ</span> <span class='ocrx_word' id='word_1_214' title='bbox 905 2915 923 2994; x_wconf 82' lang='grc' dir='ltr'><em>ἡ</em></span> <span class='ocrx_word' id='word_1_215' title='bbox 949 2913 1064 2984; x_wconf 89' lang='grc' dir='ltr'>στᾶσα</span> <span class='ocrx_word' id='word_1_216' title='bbox 1089 2911 1142 2980; x_wconf 83' lang='grc' dir='ltr'>καί</span> <span class='ocrx_word' id='word_1_217' title='bbox 1167 2909 1211 2984; x_wconf 82' lang='grc' dir='ltr'>τὰ</span> 
     </span>
     <span class='ocr_line' id='line_1_25' title="bbox 117 3025 1211 3118; baseline -0.002 -18"><span class='ocrx_word' id='word_1_218' title='bbox 117 3026 211 3112; x_wconf 87' lang='grc' dir='ltr'>στὰν,</span> <span class='ocrx_word' id='word_1_219' title='bbox 236 3031 255 3100; x_wconf 89' lang='grc' dir='ltr'>ὀ</span> <span class='ocrx_word' id='word_1_220' title='bbox 280 3027 345 3116; x_wconf 86' lang='grc' dir='ltr'>βὰς</span> <span class='ocrx_word' id='word_1_221' title='bbox 370 3033 388 3113; x_wconf 81' lang='grc' dir='ltr'><em>ἦ</em></span> <span class='ocrx_word' id='word_1_222' title='bbox 413 3031 508 3118; x_wconf 86' lang='grc' dir='ltr'>βᾶσα</span> <span class='ocrx_word' id='word_1_223' title='bbox 533 3029 585 3100; x_wconf 81' lang='grc' dir='ltr'>καί</span> <span class='ocrx_word' id='word_1_224' title='bbox 610 3026 653 3100; x_wconf 86' lang='grc' dir='ltr'>τὰ</span> <span class='ocrx_word' id='word_1_225' title='bbox 679 3025 755 3116; x_wconf 88' lang='grc' dir='ltr'>βάν.</span> <span class='ocrx_word' id='word_1_226' title='bbox 796 3027 924 3099; x_wconf 84' lang='grc' dir='ltr'>Ἔστιν</span> <span class='ocrx_word' id='word_1_227' title='bbox 950 3025 1003 3098; x_wconf 83' lang='grc' dir='ltr'>ούν</span> <span class='ocrx_word' id='word_1_228' title='bbox 1027 3030 1127 3098; x_wconf 80' lang='grc' dir='ltr'>εἰπεῖν</span> <span class='ocrx_word' id='word_1_229' title='bbox 1151 3027 1211 3110; x_wconf 78' lang='grc' dir='ltr'>τῆν</span> 
     </span>
     <span class='ocr_line' id='line_1_26' title="bbox 118 3140 1210 3232; baseline -0.001 -18"><span class='ocrx_word' id='word_1_230' title='bbox 118 3143 223 3214; x_wconf 80' lang='grc' dir='ltr'>αἰτίαν</span> <span class='ocrx_word' id='word_1_231' title='bbox 247 3145 379 3226; x_wconf 87' lang='grc' dir='ltr'>ταύτην·</span> <span class='ocrx_word' id='word_1_232' title='bbox 409 3143 454 3216; x_wconf 87' lang='grc' dir='ltr'>τὰ</span> <span class='ocrx_word' id='word_1_233' title='bbox 481 3148 524 3222; x_wconf 82' lang='grc' dir='ltr'>είς</span> <span class='ocrx_word' id='word_1_234' title='bbox 551 3174 590 3216; x_wconf 72' lang='grc' dir='ltr'>ιε</span> <span class='ocrx_word' id='word_1_235' title='bbox 619 3145 859 3232; x_wconf 75' lang='grc' dir='ltr'>μονοσύλλαβα</span> <span class='ocrx_word' id='word_1_236' title='bbox 889 3144 937 3214; x_wconf 81' lang='grc' dir='ltr'>ἐπ’</span> <span class='ocrx_word' id='word_1_237' title='bbox 965 3141 1134 3227; x_wconf 86' lang='grc' dir='ltr'>ὀνομάτων</span> <span class='ocrx_word' id='word_1_238' title='bbox 1157 3140 1210 3214; x_wconf 76' lang='grc' dir='ltr'>διὰ</span> 
     </span>
    </p>

    <p class='ocr_par' dir='ltr' id='par_1_6' title="bbox 1 3259 1255 4395">
     <span class='ocr_line' id='line_1_27' title="bbox 1 3259 1255 3370; baseline -0.002 -40"><span class='ocrx_word' id='word_1_239' title='bbox 1 3286 64 3370; x_wconf 71' lang='lat'>183</span> <span class='ocrx_word' id='word_1_240' title='bbox 82 3264 217 3346; x_wconf 66' lang='lat' dir='ltr'>bvofiro</span> <span class='ocrx_word' id='word_1_241' title='bbox 247 3260 284 3329; x_wconf 83' lang='grc' dir='ltr'>ού</span> <span class='ocrx_word' id='word_1_242' title='bbox 312 3265 443 3332; x_wconf 80' lang='grc' dir='ltr'>ποιοῦσι</span> <span class='ocrx_word' id='word_1_243' title='bbox 472 3261 664 3356; x_wconf 81' lang='grc' dir='ltr'>πριγίνειαν,</span> <span class='ocrx_word' id='word_1_244' title='bbox 689 3259 797 3344; x_wconf 84' lang='grc' dir='ltr'>ε’πειόῆ</span> <span class='ocrx_word' id='word_1_245' title='bbox 827 3263 893 3330; x_wconf 92' lang='grc' dir='ltr'>πᾶν</span> <span class='ocrx_word' id='word_1_246' title='bbox 918 3261 1021 3344; x_wconf 80' lang='grc' dir='ltr'>ὄνομα</span> <span class='ocrx_word' id='word_1_247' title='bbox 1047 3259 1255 3356; x_wconf 62' lang='grc' dir='ltr'>μονοσύλ-η5</span> 
     </span>
     <span class='ocr_line' id='line_1_28' title="bbox 116 3369 1209 3472; baseline -0.001 -27"><span class='ocrx_word' id='word_1_248' title='bbox 116 3376 223 3463; x_wconf 88' lang='grc' dir='ltr'>λαβον</span> <span class='ocrx_word' id='word_1_249' title='bbox 248 3377 290 3452; x_wconf 88' lang='grc' dir='ltr'>είς</span> <span class='ocrx_word' id='word_1_250' title='bbox 315 3403 355 3446; x_wconf 69' lang='grc' dir='ltr'>ιε</span> <span class='ocrx_word' id='word_1_251' title='bbox 380 3383 487 3469; x_wconf 87' lang='grc' dir='ltr'>λῆγον</span> <span class='ocrx_word' id='word_1_252' title='bbox 512 3376 530 3460; x_wconf 79' lang='grc' dir='ltr'>ῆ</span> <span class='ocrx_word' id='word_1_253' title='bbox 559 3377 666 3472; x_wconf 86' lang='grc' dir='ltr'>κύριον</span> <span class='ocrx_word' id='word_1_254' title='bbox 690 3375 782 3446; x_wconf 88' lang='grc' dir='ltr'>ε’σπιν</span> <span class='ocrx_word' id='word_1_255' title='bbox 808 3374 827 3458; x_wconf 82' lang='grc' dir='ltr'>ῆ</span> <span class='ocrx_word' id='word_1_256' title='bbox 856 3371 1115 3471; x_wconf 82' lang='grc' dir='ltr'>προσηγορικὸν,</span> <span class='ocrx_word' id='word_1_257' title='bbox 1140 3369 1209 3444; x_wconf 77' lang='grc' dir='ltr'>οἷον</span> 
     </span>
     <span class='ocr_line' id='line_1_29' title="bbox 119 3486 1207 3586; baseline 0.003 -28"><span class='ocrx_word' id='word_1_258' title='bbox 119 3488 211 3586; x_wconf 88' lang='grc' dir='ltr'>Πράς</span> <span class='ocrx_word' id='word_1_259' title='bbox 229 3489 394 3586; x_wconf 80' lang='grc' dir='ltr'>Πραντὸς,</span> <span class='ocrx_word' id='word_1_260' title='bbox 412 3492 500 3580; x_wconf 77' lang='grc' dir='ltr'>(ἔστι</span> <span class='ocrx_word' id='word_1_261' title='bbox 525 3489 558 3563; x_wconf 79' lang='grc' dir='ltr'>ὀέ</span> <span class='ocrx_word' id='word_1_262' title='bbox 582 3491 684 3574; x_wconf 82' lang='grc' dir='ltr'>ὄνομα</span> <span class='ocrx_word' id='word_1_263' title='bbox 710 3489 861 3582; x_wconf 88' lang='grc' dir='ltr'>πάλεως,)</span> <span class='ocrx_word' id='word_1_264' title='bbox 881 3487 947 3566; x_wconf 86' lang='grc' dir='ltr'>Ζὰς</span> <span class='ocrx_word' id='word_1_265' title='bbox 965 3486 1101 3574; x_wconf 85' lang='grc' dir='ltr'>Ζοντᾶς,</span> <span class='ocrx_word' id='word_1_266' title='bbox 1120 3487 1207 3580; x_wconf 80' lang='grc' dir='ltr'>(ἔστι</span> 
     </span>
     <span class='ocr_line' id='line_1_30' title="bbox 118 3603 1207 3704; baseline 0 -28"><span class='ocrx_word' id='word_1_267' title='bbox 118 3603 151 3676; x_wconf 75' lang='grc' dir='ltr'>ὀό</span> <span class='ocrx_word' id='word_1_268' title='bbox 173 3605 274 3688; x_wconf 84' lang='grc' dir='ltr'>ὄνομα</span> <span class='ocrx_word' id='word_1_269' title='bbox 298 3607 405 3704; x_wconf 85' lang='grc' dir='ltr'>κύριον</span> <span class='ocrx_word' id='word_1_270' title='bbox 429 3608 448 3677; x_wconf 86' lang='grc' dir='ltr'>ὁ</span> <span class='ocrx_word' id='word_1_271' title='bbox 472 3605 552 3702; x_wconf 88' lang='grc' dir='ltr'>Ζὰς)</span> <span class='ocrx_word' id='word_1_272' title='bbox 578 3607 596 3676; x_wconf 88' lang='grc' dir='ltr'>ὁ</span> <span class='ocrx_word' id='word_1_273' title='bbox 624 3605 712 3704; x_wconf 88' lang='grc' dir='ltr'>Γρᾶς</span> <span class='ocrx_word' id='word_1_274' title='bbox 735 3611 797 3677; x_wconf 78' lang='grc' dir='ltr'>τοῦ</span> <span class='ocrx_word' id='word_1_275' title='bbox 822 3605 905 3701; x_wconf 88' lang='grc' dir='ltr'>Γρᾶ,</span> <span class='ocrx_word' id='word_1_276' title='bbox 931 3605 1019 3696; x_wconf 81' lang='grc' dir='ltr'>(ἔστι</span> <span class='ocrx_word' id='word_1_277' title='bbox 1046 3603 1080 3676; x_wconf 76' lang='grc' dir='ltr'>ὀέ</span> <span class='ocrx_word' id='word_1_278' title='bbox 1105 3607 1207 3688; x_wconf 83' lang='grc' dir='ltr'>ὄνομα</span> 
     </span>
     <span class='ocr_line' id='line_1_31' title="bbox 116 3720 1207 3820; baseline 0 -28"><span class='ocrx_word' id='word_1_279' title='bbox 116 3721 243 3817; x_wconf 79' lang='grc' dir='ltr'>κίριον,)</span> <span class='ocrx_word' id='word_1_280' title='bbox 270 3723 289 3790; x_wconf 91' lang='grc' dir='ltr'><strong><em>ὁ</em></strong></span> <span class='ocrx_word' id='word_1_281' title='bbox 316 3720 409 3798; x_wconf 85' lang='grc' dir='ltr'>Χνᾶς</span> <span class='ocrx_word' id='word_1_282' title='bbox 434 3728 497 3794; x_wconf 79' lang='grc' dir='ltr'>τοῦ</span> <span class='ocrx_word' id='word_1_283' title='bbox 525 3721 602 3794; x_wconf 88' lang='grc' dir='ltr'>Χνᾶ</span> <span class='ocrx_word' id='word_1_284' title='bbox 629 3720 728 3812; x_wconf 71' lang='grc' dir='ltr'>(οὕτω</span> <span class='ocrx_word' id='word_1_285' title='bbox 757 3720 792 3792; x_wconf 74' lang='grc' dir='ltr'>δὲ</span> <span class='ocrx_word' id='word_1_286' title='bbox 824 3721 962 3814; x_wconf 76' lang='grc' dir='ltr'>ἐλέγετο</span> <span class='ocrx_word' id='word_1_287' title='bbox 993 3723 1011 3793; x_wconf 87' lang='grc' dir='ltr'>ὁ</span> <span class='ocrx_word' id='word_1_288' title='bbox 1042 3721 1207 3820; x_wconf 75' lang='grc' dir='ltr'>Ἀγήνωρ,</span> 
     </span>
     <span class='ocr_line' id='line_1_32' title="bbox 118 3833 1255 3937; baseline 0.003 -29"><span class='ocrx_word' id='word_1_289' title='bbox 118 3837 187 3910; x_wconf 82' lang='grc' dir='ltr'>ὅθεν</span> <span class='ocrx_word' id='word_1_290' title='bbox 207 3837 260 3908; x_wconf 82' lang='grc' dir='ltr'>καί</span> <span class='ocrx_word' id='word_1_291' title='bbox 282 3839 301 3920; x_wconf 79' lang='grc' dir='ltr'><em>ἡ</em></span> <span class='ocrx_word' id='word_1_292' title='bbox 321 3837 452 3922; x_wconf 88' lang='grc' dir='ltr'>Φοινίκη</span> <span class='ocrx_word' id='word_1_293' title='bbox 475 3836 553 3909; x_wconf 89' lang='grc' dir='ltr'>Χνᾶ</span> <span class='ocrx_word' id='word_1_294' title='bbox 574 3837 738 3932; x_wconf 79' lang='grc' dir='ltr'>λέγεται,)</span> <span class='ocrx_word' id='word_1_295' title='bbox 757 3833 1004 3935; x_wconf 75' lang='grc' dir='ltr'>προσηγορικὸν</span> <span class='ocrx_word' id='word_1_296' title='bbox 1021 3835 1055 3910; x_wconf 77' lang='grc' dir='ltr'>δὲ</span> <span class='ocrx_word' id='word_1_297' title='bbox 1071 3836 1114 3912; x_wconf 85' lang='grc' dir='ltr'>τὰ</span> <span class='ocrx_word' id='word_1_298' title='bbox 1130 3837 1255 3937; x_wconf 65' lang='grc' dir='ltr'>κρὰςςο</span> 
     </span>
     <span class='ocr_line' id='line_1_33' title="bbox 117 3951 1207 4050; baseline 0.002 -26"><span class='ocrx_word' id='word_1_299' title='bbox 117 3951 241 4050; x_wconf 87' lang='grc' dir='ltr'>κρατός,</span> <span class='ocrx_word' id='word_1_300' title='bbox 268 3951 428 4042; x_wconf 84' lang='grc' dir='ltr'>(σημαίνει</span> <span class='ocrx_word' id='word_1_301' title='bbox 454 3951 488 4024; x_wconf 79' lang='grc' dir='ltr'>ὀί</span> <span class='ocrx_word' id='word_1_302' title='bbox 515 3954 575 4036; x_wconf 82' lang='grc' dir='ltr'>τῆν</span> <span class='ocrx_word' id='word_1_303' title='bbox 598 3952 771 4049; x_wconf 78' lang='grc' dir='ltr'>κιφαλῆν,)</span> <span class='ocrx_word' id='word_1_304' title='bbox 797 3951 954 4026; x_wconf 79' lang='grc' dir='ltr'>ούόίποτε</span> <span class='ocrx_word' id='word_1_305' title='bbox 979 3951 1014 4026; x_wconf 78' lang='grc' dir='ltr'>δὲ</span> <span class='ocrx_word' id='word_1_306' title='bbox 1038 3955 1114 4026; x_wconf 78' lang='grc' dir='ltr'>οὔτε</span> <span class='ocrx_word' id='word_1_307' title='bbox 1139 3953 1207 4026; x_wconf 83' lang='grc' dir='ltr'>ὰπό</span> 
     </span>
     <span class='ocr_line' id='line_1_34' title="bbox 117 4066 1208 4168; baseline 0 -28"><span class='ocrx_word' id='word_1_308' title='bbox 117 4069 221 4168; x_wconf 82' lang='grc' dir='ltr'>κὺρίων</span> <span class='ocrx_word' id='word_1_309' title='bbox 238 4069 314 4140; x_wconf 74' lang='grc' dir='ltr'>οὔτε</span> <span class='ocrx_word' id='word_1_310' title='bbox 329 4067 398 4140; x_wconf 79' lang='grc' dir='ltr'>άπὸ</span> <span class='ocrx_word' id='word_1_311' title='bbox 417 4073 668 4166; x_wconf 81' lang='grc' dir='ltr'>προσηγορικῶν</span> <span class='ocrx_word' id='word_1_312' title='bbox 686 4068 811 4160; x_wconf 85' lang='grc' dir='ltr'>γίνεται</span> <span class='ocrx_word' id='word_1_313' title='bbox 837 4066 1007 4168; x_wconf 79' lang='grc' dir='ltr'>οόὀεπίρου</span> <span class='ocrx_word' id='word_1_314' title='bbox 1030 4099 1208 4166; x_wconf 87' lang='grc' dir='ltr'>παρασχη-</span> 
     </span>
     <span class='ocr_line' id='line_1_35' title="bbox 117 4180 1204 4280; baseline 0 -26"><span class='ocrx_word' id='word_1_315' title='bbox 117 4181 289 4270; x_wconf 84' lang='grc' dir='ltr'>ματισμὰς,</span> <span class='ocrx_word' id='word_1_316' title='bbox 309 4188 408 4276; x_wconf 79' lang='grc' dir='ltr'>ἤγουν</span> <span class='ocrx_word' id='word_1_317' title='bbox 432 4185 607 4280; x_wconf 80' lang='grc' dir='ltr'>πριγένεια,</span> <span class='ocrx_word' id='word_1_318' title='bbox 628 4183 698 4254; x_wconf 81' lang='grc' dir='ltr'>οίον</span> <span class='ocrx_word' id='word_1_319' title='bbox 714 4181 810 4266; x_wconf 82' lang='grc' dir='ltr'>Αίας,</span> <span class='ocrx_word' id='word_1_320' title='bbox 830 4183 929 4267; x_wconf 83' lang='grc' dir='ltr'>Θόας,</span> <span class='ocrx_word' id='word_1_321' title='bbox 946 4183 1092 4280; x_wconf 87' lang='grc' dir='ltr'>κοχλίας,</span> <span class='ocrx_word' id='word_1_322' title='bbox 1109 4180 1204 4261; x_wconf 89' lang='grc' dir='ltr'>λάας·</span> 
     </span>
     <span class='ocr_line' id='line_1_36' title="bbox 118 4297 1204 4395; baseline -0.002 -24"><span class='ocrx_word' id='word_1_323' title='bbox 118 4297 156 4372; x_wconf 80' lang='grc' dir='ltr'>τὰ</span> <span class='ocrx_word' id='word_1_324' title='bbox 171 4298 205 4372; x_wconf 71' lang='grc' dir='ltr'>ὀί</span> <span class='ocrx_word' id='word_1_325' title='bbox 221 4303 285 4378; x_wconf 91' lang='grc' dir='ltr'>πᾶς</span> <span class='ocrx_word' id='word_1_326' title='bbox 301 4301 452 4372; x_wconf 88' lang='grc' dir='ltr'>ε’πίθετον</span> <span class='ocrx_word' id='word_1_327' title='bbox 468 4301 553 4386; x_wconf 85' lang='grc' dir='ltr'>ε’στί,</span> <span class='ocrx_word' id='word_1_328' title='bbox 569 4300 622 4370; x_wconf 80' lang='grc' dir='ltr'>καί</span> <span class='ocrx_word' id='word_1_329' title='bbox 647 4301 685 4370; x_wconf 83' lang='grc' dir='ltr'>ού</span> <span class='ocrx_word' id='word_1_330' title='bbox 709 4300 865 4370; x_wconf 85' lang='grc' dir='ltr'>κωλύεται</span> <span class='ocrx_word' id='word_1_331' title='bbox 888 4308 993 4371; x_wconf 88' lang='grc' dir='ltr'>ποιεῖν</span> <span class='ocrx_word' id='word_1_332' title='bbox 1012 4299 1204 4395; x_wconf 79' lang='grc' dir='ltr'>τριγίνειαν,</span> 
     </span>
    </p>

    <p class='ocr_par' dir='ltr' id='par_1_7' title="bbox 612 4433 703 4498">
     <span class='ocr_line' id='line_1_37' title="bbox 612 4433 703 4498; baseline 0.022 -20"><span class='ocrx_word' id='word_1_333' title='bbox 612 4433 703 4498; x_wconf 79' lang='lat' dir='ltr'>3c2</span> 
     </span>
    </p>
   </div>
   <div class='ocr_carea' id='block_1_6' title="bbox 0 0 1525 5014">
    <p class='ocr_par' dir='ltr' id='par_1_8' title="bbox 0 0 1525 5014">
     <span class='ocr_line' id='line_1_38' title="bbox 0 0 1525 5014; baseline 0 0"><span class='ocrx_word' id='word_1_334' title='bbox 0 0 1525 5014; x_wconf 95' lang='lat' dir='ltr'> </span> 
     </span>
    </p>
   </div>
  </div>
 </body>
</html>
