2958 5018
402 310 469 369 ΕΙΣ
490 310 546 370 ΤΟ
568 309 862 370 ONOMATIKON.
1117 319 1178 386 279

46 481 142 554 εἶτα
182 479 266 563 αὕτη
300 483 318 561 ή
352 479 527 561 αι’τιατική,
557 479 644 576 φημὶ
679 476 713 550 δὲ
746 481 765 559 ή
797 477 930 564 ἴκτιναν,
961 475 1046 548 κατά
1078 505 1180 560 μετα-

48 595 238 679 πλασμόν
254 596 391 690 γέγονεν
406 595 523 677 1ι’κτινα,
540 597 580 672 ὡς
596 592 689 691 παρὰ
707 591 964 693 Ἀριστοφάνει,

241 743 323 800 ἰ’κτινα
335 743 544 817 παντάφθολμαν
556 743 674 818 ἅρπαγας
686 745 802 817 τρέφων,

53 873 190 970 ὥσπερ
214 872 409 970 άλέτροχον,
429 872 610 971 άλέτροχα,
630 873 708 969 παρ’
733 871 860 962 Ἰβάκῳ,
885 871 938 942 καὶ
964 871 1178 971 διθύραμβον,

58 992 278 1091 διθύραμβα,
295 989 386 1088 παρά
405 986 570 1088 Πινδάρῳ·
597 991 626 1059 εἰ
648 986 683 1059 δέ
706 990 769 1059 εἰσι
796 987 935 1060 σύνθετα
959 991 1001 1066 εἷς
1022 1019 1057 1060 ιιι
1078 989 1206 1088 βορά-5

59 1138 201 1192 νυνι-αι,
215 1107 284 1178 οἷον
298 1103 492 1204 ὃελφάκτιν,
504 1106 703 1204 τριγλώχιν,
716 1103 896 1202 προσθέσει
909 1111 972 1176 τοῦ
989 1134 1029 1175 οι
1046 1111 1179 1177 ποιοῦσι

60 1225 131 1307 τήν
152 1225 293 1317 γενικήν,
310 1225 362 1294 καὶ
386 1219 496 1294 πάντα
523 1216 735 1318 φυλάττουσι
761 1217 804 1292 τά
828 1249 839 1290 ι
862 1217 997 1317 μακράν,
1015 1217 1085 1290 οἷον
1107 1219 1181 1292 θελ-

64 1346 186 1438 φΐνος,
205 1339 343 1422 άκτῖνος,
362 1339 560 1423 Σαλαμῖνος,
576 1335 778 1422 Ἐλευσῖνος,
794 1333 889 1432 ῥινὸς,
909 1334 1004 1412 θινάς.
1034 1334 1181 1408 Δικατά-

63 1467 185 1541 ληκτα
210 1453 244 1527 δὲ
268 1459 454 1536 καλοῦνται,
477 1454 531 1525 ὅτι
557 1451 649 1551 παρὰ
674 1452 732 1536 μὲν
754 1461 825 1529 τοῖς
850 1452 1001 1549 ἀρχαίοις
1021 1455 1063 1529 εἰς
1082 1481 1100 1523 x
1120 1457 1180 1536 λή-

67 1559 207 1667 γουσιν,
232 1571 301 1643 οἷον
326 1569 452 1667 δελφὶς,
479 1569 617 1666 Τελχῖς,
644 1568 806 1651 Σαλαμίς·
836 1564 928 1665 παρά
955 1566 989 1638 δὲ
1016 1569 1180 1668 νεωτέροις
1193 1597 1229 1636 ιο

69 1693 116 1766 εἰς
135 1717 170 1771 Ν,
190 1683 269 1770 οἷον,
287 1685 415 1784 δελφὶν,
434 1685 574 1783 Τελχῖν,
592 1685 756 1766 Σαλαμέν.
809 1683 1015 1780 Πλατυτέρα
1033 1682 1068 1754 δέ
1087 1686 1179 1756 ε’στιν

71 1811 90 1888 ή
116 1809 163 1882 εἷς
183 1835 200 1876 z
223 1807 375 1898 λήγουσα
400 1799 589 1896 κατάληξις,
606 1801 813 1898 σπανιωτέρα
832 1797 865 1870 δὲ
883 1804 901 1882 ή
919 1803 961 1876 εἰς
979 1825 1011 1870 Ν·
1038 1801 1179 1878 σπανίως

73 1920 147 2020 γάρ
166 1919 295 2018 εὕρηται
317 1921 350 1991 έν
366 1923 483 2016 χρήσει
502 1923 520 2002 ή
538 1921 580 1994 εἷς
598 1949 619 1989 ιι
636 1915 824 2012 κατάληξις,
842 1918 882 1994 ὡς
898 1913 990 2014 παρά
1008 1915 1178 2012 Σιμωνίδῃ,

242 2063 384 2135 τριγλώχιν
397 2061 497 2126 ὀϊστὸς,

76 2193 131 2262 καὶ
149 2188 242 2288 παρὰ
260 2187 487 2287 Καλλιμάχῳ,
1194 2221 1203 2259 ι
1211 2218 1227 2278 5

10 2365 29 2434 5
47 2344 71 2408 b
243 2335 384 2408 τριγλάχιν
397 2333 549 2403 ὄλοόνησος,
566 2332 649 2408 (ὀλοῷ
662 2333 754 2404 νῆσος)
770 2331 810 2386 ἐπ’
823 2328 979 2406 Ἐγκελάδῳ.

82 2455 153 2526 Καὶ
178 2452 270 2548 ἄξιον
292 2452 367 2524 ἐστὶ
393 2449 546 2551 ζητῆσαι,
562 2461 644 2522 ποῖα
665 2451 747 2522 εἰσὶν
768 2452 1016 2550 ἆναλογάτερα,
1034 2449 1079 2522 τά
1097 2453 1139 2528 εἰς
1158 2482 1178 2522 ιι

80 2573 244 2662 λήγοντα,
257 2568 276 2651 ή
291 2564 338 2639 τά
354 2571 397 2645 εἷς
411 2597 439 2639 x.
475 2565 545 2638 Καὶ
563 2567 656 2638 ἔστιν
668 2570 778 2650 εἰπεῖν,
795 2567 849 2640 ὅτι
866 2567 911 2640 τά
929 2571 972 2645 εἰς
990 2599 1009 2638 ιι
1027 2573 1179 2661 λήγοντα

83 2685 318 2780 άναλογιάτερα
342 2684 432 2754 εἰσιν·
463 2684 558 2752 πάσα
575 2678 645 2780 γάρ
662 2683 769 2776 γενική
790 2685 833 2759 εἰς
855 2711 895 2754 ox
916 2687 1070 2776 λήγουσα
1094 2682 1180 2766 μετά

84 2798 306 2886 ἀμεταβόλων,
323 2797 448 2894 ἔχουσα
470 2794 596 2894 μακράν
614 2797 713 2894 φάσει
730 2797 790 2880 τήν
806 2802 1079 2895 παραλήγουσαν,
1096 2799 1182 2868 ἁπο-
1193 2829 1229 2868 ιο

85 2917 173 3008 βολῇ
189 2919 251 2986 τοῦ
268 2943 308 2984 ox
324 2913 384 2996 τήν
401 2914 522 2986 εὐθεῖαν
538 2913 710 2998 ἀποτελεῖ,
724 2911 803 2998 οἷον,
814 2913 1004 3000 Ἀλκμᾶνος
1016 2912 1181 2998 Ἀλκμάν,

87 3032 207 3106 θέωνος
240 3030 338 3114 Θέων,
373 3027 559 3108 Πλάτωνος
589 3028 751 3118 Πλάτων,
783 3033 901 3129 ἰχῶρος
934 3029 1028 3128 ι’χάρ,
1060 3031 1182 3109 Δίωνος

89 3146 181 3218 Δίων.
233 3144 440 3243 Πράσκειται
471 3159 490 3188 “
503 3148 628 3244 ἔχοντα
662 3149 760 3246 φύσει
789 3147 917 3248 μακράν
942 3150 1003 3232 τήν
1030 3155 1184 3248 παραλή-

89 3264 227 3356 γονσαν”
253 3260 305 3334 διά
330 3261 373 3336 τὸ
397 3263 520 3339 κτενάς·
554 3268 658 3336 τοῦτο
684 3262 753 3362 γάρ
778 3266 834 3335 οὐκ
863 3265 1023 3359 ἀποβολή
1050 3272 1114 3338 τοῦ
1143 3295 1184 3338 ox

90 3389 174 3452 ποιεῖ
187 3379 245 3462 τήν
262 3379 393 3461 εὐθεῖαν,
410 3379 498 3456 κτεὶς
515 3377 584 3472 γάρ
601 3381 675 3452 ε’στι
692 3382 744 3451 καὶ
763 3383 801 3452 οά
815 3382 900 3452 κτέν·
924 3380 1002 3451 ἀλλ’
1021 3382 1077 3451 οὐκ
1093 3382 1209 3453 ἄντί-ο
1213 3409 1229 3470 5

90 3526 185 3567 κειται
202 3499 274 3578 ήμῖν
289 3501 404 3580 τοῦτο,
422 3495 532 3580 ἐπειδή
550 3499 713 3595 βραχεῖαν
733 3498 800 3594 ἔχει
826 3496 885 3580 τήν
908 3501 1182 3592 παραλήγουσαν·

90 3613 139 3682 καὶ
162 3609 262 3682 πάλιν
286 3611 379 3683 ἔστιν
400 3611 572 3696 Μέμνονος
589 3614 641 3683 καὶ
663 3613 852 3710 Νέστορος,
868 3613 920 3683 καὶ
944 3611 1051 3695 έπειάή
1075 3618 1183 3684 ταῦτα

92 3729 244 3826 βραχεῖαν
268 3729 381 3824 έχουσι
407 3729 466 3812 τήν
491 3733 765 3827 παραλήγουσαν,
791 3729 847 3800 οάκ
872 3729 1031 3822 ἀποβολῇ
1056 3734 1118 3800 τοῦ
1144 3760 1183 3802 oz

93 3849 213 3914 ποιοῦσι
235 3844 295 3926 τήν
315 3845 445 3928 εὐθεῖαν,
465 3845 605 3931 Μέμνων
625 3843 693 3942 γάρ
710 3843 762 3915 καὶ
781 3843 926 3942 Νέστωρ
944 3841 995 3915 διὰ
1013 3851 1076 3916 τοῦ
1092 3875 1113 3916 n
1131 3843 1183 3914 καὶ

94 3961 128 4030 οὗ
142 3957 189 4030 διὰ
204 3965 266 4032 τοῦ
283 3991 313 4031 ο.
354 3959 425 4032 Καὶ
442 3957 545 4032 πάλιν
561 3962 636 4032 ἔστι
655 3957 857 4059 θεράποντος
873 3960 925 4031 καὶ
944 3960 1113 4059 γέροντος,
1130 3960 1181 4031 καὶ
1191 3995 1233 4050 30

95 4075 191 4160 έπειάή
211 4082 319 4150 ταῦτα
344 4077 400 4148 οὐκ
423 4079 539 4174 ἔχουσι
565 4074 691 4174 μακράν
712 4077 810 4173 φάσει
833 4076 893 4159 τήν
910 4081 1183 4174 παραλήγουσαν,

97 4194 144 4264 οὐκ
159 4193 314 4286 ἀποβολή
333 4197 394 4264 τοῦ
417 4223 457 4263 οι
477 4199 610 4264 ποιοῦσι
634 4190 694 4275 τήν
717 4193 847 4274 εὐθεῖαν,
866 4190 937 4264 οὐδὲ
955 4190 1023 4289 γάρ
1040 4191 1184 4284 λέγομεν

99 4306 229 4406 θεράπων
253 4308 305 4378 καὶ
334 4308 443 4405 γέρον,
469 4307 560 4380 άλλά
590 4305 739 4404 θεράπων
768 4309 821 4379 καὶ
852 4309 955 4406 γέρων
980 4305 1032 4379 διὰ
1062 4311 1125 4378 τοῦ
1149 4329 1181 4376 α·
