2958 5018
399 325 465 384 αα
486 323 542 384 το
564 323 857 384 οαοιιλτικοις.
1120 339 1185 405 325

40 497 336 592 ἆναλογιύτερον
352 495 427 565 έστί
452 499 514 566 τοῦ
532 491 641 577 Λήδα,
657 492 709 564 καί
734 491 777 565 πδ
800 490 1005 592 Ἀνδρομέδη
1027 499 1090 564 τοῦ
1106 493 1184 565 Ἀν-

44 611 235 710 δρομέδα.
287 608 402 680 Ἀλλὰ
425 610 568 703 λέγομεν
589 610 642 681 ὅτι
667 607 762 694 Λήδη
787 611 840 680 καί
860 607 1065 708 Ἀνδρομέδη
1089 611 1183 694 ήσαν,

48 727 115 796 καί
153 722 317 823 ἔτρεψαν
347 727 496 822 Δωρικῶς
525 725 567 798 τδ
601 755 624 797 ις
654 728 697 804 είς
730 756 761 812 A,
787 724 941 810 δηλονότι
971 723 1105 825 μακρδν,
1130 728 1183 799 καί

50 843 216 935 ἐγένετο
241 840 349 924 Λήδα,
375 844 427 914 καί
453 841 669 940 Ἀνδρομέδα.
721 841 774 914 Τδ
802 871 821 914 z
848 847 896 935 τῷ
924 872 944 913 A
970 843 1089 940 χαίρει,
1116 840 1186 915 οίον

53 955 166 1058 ῥίζα,
186 955 291 1058 μιίζα,
310 955 458 1058 χάλαζ.
511 957 564 1031 Τδ
582 986 603 1032 α
621 958 738 1042 ὁμοίως
754 965 803 1048 τῷ
821 987 842 1029 A
867 958 987 1056 χαίρει,
1005 955 1075 1030 οἷον
1092 956 1211 1053 δύξα,5

56 1073 174 1168 μύξα,
196 1071 320 1168 ἅμαξα·
339 1076 490 1153 ὡσαύτως
506 1075 559 1146 καί
575 1073 618 1146 τδ
636 1105 667 1158 ν,
681 1074 750 1147 οἷον
767 1072 868 1168 δίψα·
885 1075 937 1145 καί
953 1071 997 1146 τὸ
1016 1105 1033 1146 ι
1051 1073 1086 1147 δὲ
1101 1082 1151 1168 τῷ
1164 1105 1185 1148 A

59 1191 204 1289 χαίρει,
222 1191 291 1262 οἷον
306 1197 427 1275 μοῦσα,
445 1192 548 1289 φύσα,
565 1192 685 1274 πίσσα,
702 1192 832 1276 κνίσσα,
851 1187 1021 1263 θάλασσα.
1074 1189 1127 1262 Τδ
1151 1189 1186 1262 δέ

63 1339 88 1380 ο
108 1313 166 1400 τῷ
188 1338 211 1380 A
229 1307 336 1405 χαίρει
359 1308 412 1378 καί
437 1313 486 1400 τῷ
514 1337 547 1391 α,
565 1305 635 1378 οῖον
656 1308 748 1391 μέθη,
766 1311 862 1392 λήθη,
878 1307 984 1405 κριθή,
999 1307 1108 1391 μίνθα,
1127 1305 1185 1400 (πδ

64 1423 272 1518 ἡδύοσμον)
299 1425 449 1502 ὡσαύτως
479 1421 513 1494 δέ
540 1424 592 1495 καί
624 1422 668 1495 τὸ
697 1454 718 1494 A
746 1429 795 1516 τῷ
822 1453 842 1494 A
869 1423 977 1521 χαίρει
1002 1423 1054 1495 καί
1079 1430 1128 1516 τῷ
1150 1435 1184 1496 n'

65 1537 170 1612 ἀλλὰ
199 1537 352 1624 μάθωμεν
369 1540 455 1611 πότε
470 1545 519 1631 τῷ
540 1539 628 1610 Am)
653 1539 741 1611 πύπε
762 1545 811 1630 τῷ
836 1569 870 1611 n.
922 1539 1052 1611 Ἰσπέον
1069 1537 1112 1622 δέ,
1130 1539 1183 1610 ὅτι
1199 1565 1235 1606 10

69 1655 130 1728 ε’ἆν
157 1658 314 1752 εὖρεθῶσι
339 1653 395 1727 δύο
422 1686 477 1740 AA,
503 1661 553 1748 τῷ
578 1685 599 1726 A
626 1657 808 1754 χαίρουσιν,
829 1653 899 1728 οίον
917 1657 1049 1741 θύελλα,
1067 1655 1185 1742 ἄελλα,

70 1772 224 1855 ἅμιλλα,
242 1771 391 1858 Σκύλλα,
409 1773 497 1856 πλήν
518 1779 581 1845 τοῦ
598 1771 716 1856 Ἕλλη
742 1773 795 1844 καί
822 1771 954 1857 Πέλλη.
1002 1771 1091 1844 Ἰδού
1117 1770 1185 1870 γὰρ

72 1896 191 1960 ταῦτα
209 1887 264 1959 δύο
283 1919 327 1959 AA
345 1889 468 1986 ἔχοντα
485 1892 529 1968 είς
550 1919 572 1961 n
595 1892 853 1982 καταλήγουσιν·
886 1889 975 1980 (ἔστι
1002 1885 1036 1960 δὲ
1060 1885 1103 1960 τδ
1127 1888 1186 1971 μὲν

69 2003 196 2088 Ἕλλη
223 2005 325 2087 ὄνομα
350 2004 457 2101 κύριον
482 2003 640 2098 γυναικὸς,
657 2003 700 2077 τδ
722 2003 757 2077 δὲ
774 2005 896 2090 Πέλλη
914 2007 1017 2089 ὄνομα
1033 2005 1185 2101 πόλεως.)

79 2117 170 2192 Ἐὰν
187 2119 222 2192 δὲ
238 2123 347 2218 εύρεθῇ
364 2122 398 2192 ἓν
416 2151 437 2192 A
457 2123 502 2205 μή
526 2123 605 2219 έχον
621 2123 867 2220 προηγούμενον
885 2123 1071 2219 σύμφωνον,
1087 2128 1137 2212 τῷ
1161 2151 1184 2192 ιι
1198 2145 1232 2208 15

82 2239 206 2335 χαίρει,
225 2234 294 2308 οἷον
309 2235 493 2336 Ἐριφυλη,
512 2238 654 2323 Σεμέλη,
671 2240 769 2323 πύλη,
787 2239 878 2323 αθλή,
901 2240 1002 2336 φυλή,
1027 2240 1123 2336 χύλη,
1142 2241 1185 2336 (ί)

82 2353 171 2449 ὄνυξ,
188 2357 275 2438 πλήν
291 2361 353 2426 τοῦ
377 2361 488 2424 παῦλα
513 2355 565 2424 καί
590 2360 652 2425 τοῦ
676 2351 861 2440 ιἰνιίπαυλα,
877 2361 985 2426 ταῦτα
1012 2352 1080 2453 γὰρ
1104 2355 1139 2426 έν
1163 2386 1185 2426 A

83 2471 140 2543 διὰ
160 2477 223 2544 τοῦ
248 2501 268 2542 A
294 2471 459 2565 ἐγένοντο,
476 2471 668 2554 σημαίνουσι
695 2469 729 2542 δὲ
754 2471 814 2554 τήν
830 2468 1021 2543 ἀνάπαυσιν·
1047 2468 1090 2544 τδ
1116 2469 1185 2570 γὰρ

87 2587 266 2670 Φιλομήλα
284 2589 433 2684 Δωρικῶς
459 2583 587 2683 ἔτρεψε
612 2583 656 2657 πδ
684 2615 707 2656 n
739 2588 782 2663 είς
810 2584 854 2657 τὸ
880 2617 899 2658 A
925 2584 1059 2684 μακρὸν,
1082 2589 1188 2660 Φιλο-

89 2709 175 2788 μήλη
192 2702 259 2800 γὰρ
277 2705 322 2786 ήν.
372 2703 515 2785 Ὁμοίως
540 2701 574 2774 δὲ
596 2701 648 2772 καί
672 2698 716 2772 πᾶ
736 2702 859 2797 ἔχοντα
876 2700 919 2773 τὸ
938 2734 958 2772 A
975 2703 1008 2774 έν
1024 2705 1189 2799 ε’πιπλοκή
1198 2738 1236 2778 20

91 2821 262 2916 συμφώνου
286 2825 335 2908 τῷ
364 2847 387 2890 n
415 2820 596 2917 χαίρουσιν,
626 2816 695 2888 οἷον
721 2814 853 2916 ζεύγλη,
880 2816 1040 2906 (σημαίνει
1068 2816 1103 2889 δέ
1126 2817 1188 2890 τδν

92 2941 194 3031 λῶρον
219 2933 279 3006 τδν
305 2935 485 3032 συνέχοντα
512 2932 573 3006 τὸν
600 2931 700 3033 ζυγὸν
725 2931 809 3030 πρὸς
835 2931 878 3004 τὸ
910 2930 1019 3034 ζῶον)
1049 2936 1187 3032 τρίγλη,

94 3051 197 3146 κίχλη,
214 3042 348 3147 ὀμίχλη·
376 3048 433 3137 (τὸ
450 3047 518 3148 γὰρ
537 3047 662 3150 ζεύγλα
679 3048 803 3148 εὑρεθέν
820 3047 911 3148 παρὰ
934 3061 1005 3128 τοῖς
1026 3051 1187 3149 ἀρχαίοις,

96 3165 175 3237 κατὰ
200 3167 367 3250 ποιητικήν
391 3165 541 3261 ἐξουσίαν
568 3167 757 3239 συνέστειλε
778 3165 822 3239 πδ
849 3197 871 3238 n
897 3169 939 3245 είς
965 3174 1012 3261 A.)
1053 3167 1106 3241 Τδ
1134 3167 1188 3241 ούν

99 3283 201 3352 θέκλα
218 3283 326 3366 Θέκλη
343 3282 483 3380 ὤφειλεν
500 3281 588 3366 εἶναι,
599 3285 639 3360 ὡς
655 3279 820 3383 ἔχον[τα]
831 3281 875 3356 τί)
889 3314 910 3354 A
922 3286 996 3368 μετ’
1009 3285 1188 3370 ἐπιπλοκῆς
1199 3321 1214 3362 2
1217 3321 1234 3380 5

100 3400 272 3496 συμφιήνου,
301 3400 379 3470 ἁλλ’
404 3397 534 3497 ἔτρεψε
561 3397 605 3471 τὸ
633 3429 655 3470 u
685 3402 728 3477 είς
756 3397 799 3470 τδ
828 3429 859 3470 A.
920 3397 990 3469 Kal
1017 3400 1101 3478 τινὲς
1129 3402 1188 3485 μέν

100 3513 252 3607 λέγουσιν,
270 3514 324 3587 ὅτι
348 3515 518 3592 Ἰπαλικῶς
542 3511 672 3614 ἔτρεψε
694 3513 737 3587 πδ
764 3545 787 3586 α
811 3518 854 3593 είς
882 3545 914 3601 A,
934 3515 983 3604 (οἱ
1006 3515 1040 3587 δὲ
1054 3516 1187 3588 Ἰταλοί

103 3627 218 3702 ἄποικοι
237 3631 298 3703 εἶσί
315 3637 380 3704 τῶν
397 3631 557 3716 Αἰολέων,
575 3634 608 3703 οί
633 3631 668 3704 δὲ
691 3631 828 3710 Αἰολεῖς
852 3630 896 3704 πδ
923 3663 946 3704 ιι
964 3635 1007 3711 είς
1030 3663 1050 3703 A
1073 3634 1189 3733 βραχύ

22 3761 59 3845 63
74 3781 90 3821 a
103 3749 273 3845 πρέπουσιν,
303 3745 372 3819 οίον
400 3747 593 3846 Ἀφροδίτη
623 3747 827 3846 Ἀφροδίτα,
858 3749 967 3847 νύμφη
996 3749 1119 3848 νύμφα,
1148 3751 1189 3829 ὡς

105 3861 183 3960 παρὰ
208 3871 254 3956 τῷ
284 3873 404 3960 ποιητῇ
443 3871 497 3956 [ll.
528 3865 574 3958 γ’.
607 3871 709 3958 130.],
739 3876 761 3907 “
776 3867 886 3963 νύμφα
916 3866 1047 3962 φίλη,”)
1078 3868 1188 3938 ούκοῡν
1196 3900 1236 3957 30

106 3981 347 4062 συνεσταλμένον
372 3983 440 4077 ἔχει
469 3979 512 4052 τὸ
545 4012 563 4051 A
594 3979 637 4052 πδ
667 3981 788 4052 Θέκλα.
842 3981 911 4053 Καὶ
939 3983 1038 4066 δῆλον
1063 3983 1118 4054 ὅτι
1148 3987 1189 4059 ὣς

108 4096 172 4190 ι”χον
185 4099 440 4180 συνεσταλμένον
452 4096 494 4170 τδ
513 4129 532 4168 A
550 4099 678 4195 ὀφείλει
694 4096 824 4196 τρέψαι
843 4098 924 4171 αύεδ
942 4103 984 4176 είς
1000 4097 1042 4170 τὸ
1061 4129 1083 4169 n
1099 4100 1132 4170 έν
1144 4091 1187 4194 τῇ

110 4216 208 4306 γενική,
235 4211 347 4309 ὥσπερ
379 4221 488 4297 μοῦσα
515 4215 647 4298 μούσης,
676 4213 788 4308 ἅμαξα
818 4213 954 4310 ἁμάξης,
982 4217 1033 4285 καί
1068 4213 1188 4285 λοιπὸν

111 4325 178 4398 κατὰ
204 4335 322 4400 τοῦτον
354 4328 415 4400 τδν
442 4331 550 4424 λόγον
577 4329 704 4424 ἀξιοῦσι
737 4331 861 4413 Θέκλης
891 4329 972 4401 αύπὸ
1007 4330 1185 4402 κλίνεσθαι.

113 4442 168 4514 Καί
194 4449 295 4516 ταῦτα
330 4446 388 4528 μὲν
422 4449 522 4519 οὗτοι·
567 4450 599 4518 αι’
642 4446 674 4518 δὲ
712 4448 948 4543 ἀκριβέστερον
989 4445 1233 4540 δοξάσαντε935
