2958 5018
1276 54 1318 60 ⁸——
1352 62 1443 75 “--·--..

284 273 348 339 3αο
579 252 782 314 ΓΕΩΡΓΙΟῬ
803 252 1095 314 ΧΟΙΡΟΒΟΣΚΟΥ
1433 253 1453 312 Ι

285 431 384 498 εἰπεῖν
400 425 461 508 τῆν
477 423 678 514 ἀπολογίαν,
694 424 725 492 εἶ
745 424 809 512 θεῷ
830 421 943 518 φιλον·
968 421 1059 515 ε’ντῆ
1077 426 1140 492 τοῦ
1154 430 1420 517 παρατατικσῡ

286 541 478 631 διδασκαλίᾳ
496 537 724 622 μαθησόμεθα,
737 534 780 608 τὸ
794 566 813 607 ν
829 536 984 620 ἐνομίσθη
997 543 1121 634 φωνῆεν
1133 535 1224 609 εἶναι.
1250 536 1421 620 Ἐπειδὴ

286 661 374 743 η’νίκα
400 656 454 730 οὖν
475 659 586 754 εὑρεθῆ
609 661 733 753 φωνῆεν
755 656 880 750 ἔχουσα
907 657 925 735 ῆ
951 653 1062 736 δοτικῆ
1087 659 1153 724 τῶν
1179 657 1301 740 ἑνικῶν,
1329 663 1419 754 φυ-

284 773 404 847 λάττει
425 771 506 844 αότδ
528 773 581 842 καί
603 773 635 841 ἕν
659 775 702 864 τῆ
729 769 841 862 δοτικῆ
865 773 931 839 τῶν
956 773 1188 850 πληθυντικῶν,
1212 767 1287 840 οἷον
1314 772 1423 868 ὅφεΐ

286 893 399 988 ὄφεσι,
417 889 520 958 πόλεί·
538 887 672 972 πόλεσι,
691 882 810 968 μάντεϊ
827 881 979 966 μάντεσι.
1032 882 1164 955 Τούτου
1181 881 1285 980 χάριν
1303 887 1450 976 &mk-aff,

286 1009 395 1101 εὑρεθῆ
421 1007 545 1100 ἔχουσα
570 1000 613 1073 τό
636 1031 664 1082 ε,
682 997 848 1095 φυλάττει
873 997 954 1071 afer&
979 999 1031 1070 καί
1057 1001 1089 1069 ἐν
1113 1004 1156 1093 πῆ
1182 1000 1301 1096 δοτικῆ
1327 1008 1415 1073 τῶν

286 1124 518 1204 πληθυντικῶν,
536 1115 605 1188 οἷον
615 1115 760 1211 Ἕκτορι
772 1114 952 1210 Ἕκτορσι,
971 1113 1123 1212 Νέστορι
1142 1115 1338 1214 Νέσταρσι.

337 1247 357 1276 “
372 1232 459 1310 Τοὺς
475 1239 647 1329 λουτῆρας,
664 1229 740 1306 τοὺς
756 1231 897 1326 αἰθέρος.
942 1229 989 1298 Ὦ
1006 1238 1171 1326 λουτῆρες,
1189 1231 1215 1302 ιδ
1233 1233 1409 1329 αι’θέρες.”

716 1441 853 1538 [Κευάα
879 1442 955 1533 Δυ’.]
995 1460 996 1464 ’

329 1579 466 1652 Ἷστίον
488 1579 541 1651 ὅτι
564 1584 630 1650 τῶν
647 1582 690 1656 είς
707 1607 750 1649 m·
767 1579 957 1674 βαρυτόνων
972 1576 1017 1650 τά
1034 1576 1092 1662 μὲν
1108 1583 1221 1675 μακρᾷ
1237 1586 1405 1675 παραλη·
1422 1611 1466 1648 ιο

288 1696 412 1791 γόμενα
437 1696 596 1793 τρέπουσι
624 1692 669 1765 τὸ
695 1724 718 1763 α
744 1697 787 1771 είς
811 1693 854 1765 τό
883 1725 903 1765 ε
928 1697 960 1765 ε’ν
984 1701 1026 1789 τῆ
1053 1701 1173 1787 γενικῆ,
1199 1691 1270 1766 οἷον
1300 1695 1402 1792 Πίηρ

288 1812 420 1910 Πίερος,
447 1811 535 1900 (ὅθεν
559 1809 602 1882 τό
630 1809 745 1908 Πιερὶς
769 1811 822 1882 καί
851 1810 999 1908 Πιερίδες
1024 1813 1058 1880 σί
1086 1817 1219 1894 μοῦσαι·
1253 1813 1330 1882 ἔστι
1357 1811 1402 1881 δὲ

286 1926 329 1999 τδ
356 1927 445 2023 Πίηρ
472 1927 573 2009 ὄνομα
600 1927 732 2022 κόριον)
767 1924 905 2024 φράτηρ
931 1923 1110 2024 φράτερας
1146 1925 1331 2024 (φράτερες
1357 1927 1403 1998 δέ

287 2045 368 2113 εἰσιν
389 2045 422 2113 οἱ
443 2045 637 2136 συγγενεῖς.)
690 2041 744 2112 Τά
763 2041 797 2112 δὲ
813 2043 958 2138 βραχείᾳ
976 2042 1237 2138 παραληγόμενα
1256 2042 1403 2140 φυλάτ·

178 2175 235 2238 161
253 2190 383 2237 a'rovcrt
400 2154 442 2229 τό
460 2187 483 2226 α
501 2158 533 2227 ε’ν
548 2163 592 2251 τῆ
609 2163 726 2250 γενικῆ,
740 2155 809 2228 οἷον
826 2159 915 2253 ε’ρίηρ
932 2157 1066 2254 ε’ρίηρος,
1084 2157 1159 2228 ὅθεν
1175 2155 1218 2228 τδ
1236 2171 1258 2200 “
1268 2160 1401 2257 ἐρίηρες
1416 2191 1450 2247 ¹5

287 2275 432 2370 ἔπαῑροι”
450 2271 522 2342 άντί
545 2277 607 2342 τοῦ
631 2267 1118 2369 εὖάρμοστοι,Ἴβηρ”Ιβηρος·
1143 2271 1187 2344 τό
1205 2272 1241 2344 δὲ
1259 2271 1399 2371 πάνθηρ

287 2387 452 2485 πάνθηρας
473 2393 535 2458 τοῦ
559 2391 671 2458 ἁπλοῦ
694 2387 754 2468 τῆν
776 2389 885 2458 κλίσιν
908 2385 1064 2484 ἐφύλαξε,
1081 2387 1223 2480 λέγωδὲ
1244 2395 1310 2460 τοῦ
1329 2392 1398 2487 θῆρ

289 2503 396 2600 θηρδς,
413 2503 482 2572 ε’πεί
499 2508 613 2584 τοῦτο,
626 2504 666 2578 ὡς
682 2504 792 2598 μακρᾷ
809 2501 1097 2600 παραληγόμενον,
1115 2503 1242 2600 ὤφειλε
1256 2504 1396 2602 τρέψαι

286 2615 329 2690 τδ
347 2648 370 2688 n
387 2621 429 2694 είς
445 2616 487 2688 τδ
507 2647 527 2688 ε
543 2619 577 2687 ἐν
592 2623 636 2711 πῆ
653 2621 775 2710 γενικῆ.

339 2735 433 2825 ’(Τῷ
459 2733 570 2830 Πίερι,
599 2739 647 2823 τῷ
678 2732 791 2828 ε’ρίηρι,
820 2739 869 2824 τῷ
891 2732 1020 2830 Ἰβηρι.
1075 2733 1147 2805 'rav
1177 2733 1300 2832 Πίερα,
1329 2735 1441 2808 τδνιο
1470 2769 1472 2827 γ

279 2851 417 2949 Ἴβηρα,
435 2851 460 2919 ιδ
478 2848 576 2944 Πίερ,
592 2847 764 2944 ιδἼβηρ.”
1469 2837 1470 2865 ¹

338 2967 483 3064 Εἴρηται
507 2965 560 3034 ὅτι
583 2961 629 3034 τὰ
652 2963 694 3039 είς
716 2959 932 3049 ἆμετόβολον
948 2967 1100 3056 λήγοντα
1116 2966 1288 3062 βαρότονα
1306 2966 1395 3038 άπα-

289 3077 467 3167 βάλλοντα
492 3085 550 3161 τῆς
576 3085 700 3171 γενικῆς
723 3077 784 3160 τῆν
806 3074 954 3174 ἐσχάτην
975 3077 1019 3149 τδ
1043 3108 1084 3149 οε
1106 3079 1126 3162 ῆ
1147 3081 1208 3162 τῆν
1224 3111 1286 3152 Ιτοι
1302 3093 1396 3154 ποιεῖ

288 3194 349 3278 τῆν
364 3197 526 3278 κληπικῆν·
552 3194 651 3290 χωρίς
667 3199 729 3264 ποῦ
742 3191 928 3265 Ἀπολλον
943 3196 995 3265 καί
1015 3193 1214 3268 Ποσείδαον.

340 3323 360 3352 “
371 3309 430 3381 To}
446 3308 557 3406 Πίερε,
573 3309 621 3380 τά
632 3307 761 3404 Ἴβηρε.
797 3307 881 3379 Τοΐν
899 3308 1045 3406 Πιίροιν,
1061 3321 1136 3382 ταῖν
1154 3311 1316 3410 Ἰβῆροιν.
1343 3313 1429 3396 Ὠις

290 3425 402 3523 Πίερε,
425 3424 598 3520 ιδἼβηρε.
633 3423 680 3493 Οί
697 3421 825 3519 Πίερες,
846 3427 880 3494 οἷ
894 3423 1039 3522 Ἴβηρες.
1074 3425 1152 3498 Τῶν
1169 3426 1310 3525 Πιέρων,
1327 3435 1392 3501 τᾶν

286 3539 438 3636 Ἰβήρων.
484 3539 566 3616 Τοῖς
593 3538 725 3636 Πίερσι,
750 3547 823 3616 τοῖς
839 3537 992 3636 Ἴβηρσι.
1043 3539 1132 3620 Τοδς
1155 3542 1293 3640 Πίερος,
1315 3545 1391 3622 τοὺς

283 3655 434 3750 Ἴβηρας.
474 3655 521 3723 Ὦ
540 3654 669 3751 Πίερες,
685 3653 887 3751 (δ’Ῑβηρες.”

734 3867 856 3941 Κκαδτι
880 3871 944 3944 αι’.

339 4001 468 4073 Ἰστέον
494 3999 547 4071 ότι
573 3999 617 4070 τά
643 4003 686 4078 είς
711 4031 754 4072 αν
779 4003 942 4094 λῆγοντα,
968 4005 997 4074 εί
1020 4003 1079 4087 μὲν
1102 4005 1281 4101 ὀξίνονται,
1301 4007 1344 4080 τδ
1366 4033 1419 4091 ο3Ξ

289 4115 502 4215 φυλάττουσι
524 4117 576 4186 καί
599 4117 631 4186 ἐν
650 4122 692 4210 τῆ
710 4119 827 4208 γενικῆ,
846 4115 915 4188 οἶον
932 4120 1011 4215 φιδρ
1028 4121 1151 4218 φωρὸς,
1170 4125 1203 4212 (ὁ
1220 4125 1382 4218 κλέπτης.)

291 4233 374 4330 ι’χιδρ
404 4236 532 4330 ἰχῶρος·
576 4231 737 4320 (σημαίνει
769 4229 803 4302 δὲ
836 4230 879 4304 τδ
914 4233 995 4316 αἷμα
1027 4235 1071 4308 πδ
1104 4239 1314 4326 μεταβληθίν
1344 4243 1381 4316 είς

287 4352 434 4442 ἔμπυον.)
486 4345 541 4416 Τά
561 4345 595 4416 δὲ
611 4347 790 4441 βαράτονο,
808 4351 837 4418 εί
860 4348 918 4431 μὲν
940 4351 1054 4446 ἔχουσι
1075 4350 1118 4424 τδ
1136 4383 1157 4424 ιι
1175 4351 1377 4450 φυλάττουσι
