2958 5018
18 321 50 400 ι.
413 331 478 390 τοι
500 329 555 390 το
578 328 869 388 οτιονικτικοτι.
1130 325 1190 404 267

63 501 90 568 ὁ
114 485 244 595 φθίθαι
259 498 394 575 ένιστάς
411 501 473 596 οὐχ
490 497 619 595 εὕρηται
636 499 668 568 έν
685 503 813 596 χρήσει,
828 499 880 568 ἵνα
898 497 1035 579 ιίτωμεν
1053 497 1106 568 ὅτι
1125 495 1193 568 ι’δοά

65 609 183 707 λέξις
206 611 409 702 δισυλλαβος
434 613 600 710 ἀρχομένη
625 611 693 684 ιἰτδ
720 611 775 684 δύο
804 610 935 694 δασέων,
961 619 1019 694 τῆς
1045 610 1192 708 δευτέρας

66 731 266 816 συλλαβῆς
282 729 463 826 ἀρχομένης
479 727 548 800 οἰτδ
561 728 681 806 δασέως
698 730 883 826 συμφώνου.
918 727 1050 799 Τοιίτον
1062 725 1161 824 χάριν
1174 731 1191 810 ή

69 841 173 942 θρὶξ
187 846 290 916 εὐθεῖα
307 847 340 916 ἕν
355 851 399 938 τῇ
415 844 534 943 τριχὸς
551 852 658 939 γενική
674 841 802 942 ἔτρεψε
818 842 860 915 τὸ
879 875 898 914 0
917 846 960 920 εἷς
976 841 1018 915 τά
1036 873 1067 929 τ,
1078 845 1130 915 ἰ’να
1147 843 1192 926 μή

70 963 204 1058 εὑρεθῇ
231 960 300 1033 ιἰτδ
330 961 385 1032 δύο
419 961 540 1033 δασέων
569 961 744 1058 ἀρχομένη,
773 969 832 1043 τῆς
860 961 990 1057 πρώτης
1020 961 1217 1047 σνλλαβῖιςὸ

19 1093 42 1134 ἃ
70 1077 275 1174 ἇρχομίνηι
301 1075 370 1148 άπὸ
398 1076 517 1154 δασέως
544 1079 729 1174 συμφώνου,
757 1075 831 1147 ὅθεν
858 1077 890 1146 έν
915 1082 957 1170 τῇ
986 1075 1098 1170 δοτική
1127 1081 1192 1146 τῶν

71 1196 326 1277 πληθυντικῶν,
340 1195 407 1264 ἐττει
429 1193 590 1277 ήάτέστη
606 1191 649 1264 τά
668 1191 750 1264 δασὺ
770 1201 828 1274 τῆς
845 1191 992 1290 δευτέρας
1009 1193 1191 1279 συλλαβῆς,

70 1309 183 1401 λέγω
200 1306 295 1392 δήτὸ
314 1339 344 1393 κ,
362 1311 482 1381 τούτου
505 1313 679 1407 προσῆλθε
697 1307 740 1380 τά
767 1307 849 1379 δασὺ
871 1317 930 1391 τής
955 1311 1086 1406 πρώτης
1111 1317 1192 1379 συλ-

72 1427 210 1512 λαβῆς,
235 1426 325 1517 λέγω
355 1425 391 1508 δή
418 1424 461 1498 τά
489 1456 520 1508 e,
541 1426 593 1496 καί
620 1426 740 1518 γέγονε
766 1423 879 1522 θριξίν.
932 1424 1051 1496 Ταῦτα
1076 1425 1134 1508 μὲν
1159 1428 1191 1498 έν

72 1545 235 1618 τούτοις.
1203 1565 1238 1605 10

127 1654 259 1750 Ἄξιον
276 1656 311 1728 δέ
326 1659 400 1729 ἐστί
419 1655 571 1757 ζητήσαι,
589 1663 617 1728 εί
633 1657 697 1754 ἄρα
715 1661 747 1729 έν
764 1665 811 1749 τῷ
828 1659 890 1735 ἃλς
907 1656 988 1736 άλάς
1009 1658 1051 1730 τά
1068 1667 1191 1743 πνεῦμα

76 1770 273 1866 ήνάγκασεν
298 1774 527 1860 ιἰτοβληθῆναι
558 1770 601 1844 τά
628 1805 647 1845 τ
676 1777 709 1844 ἐν
733 1781 775 1869 τῇ
800 1781 917 1869 γενική,
939 1773 1028 1846 διατί
1051 1776 1106 1846 έτὶ
1130 1782 1192 1848 τοῦ

76 1885 217 1984 δάμαρς
235 1885 402 1985 δάμαρτος
426 1889 478 1959 καί
504 1887 629 1988 μάκαρς
653 1887 822 1986 μάκαρτος
842 1889 931 1961 οὐδὲν
947 1897 1102 1963 τοιοῦτον
1119 1893 1192 1986 ἐγέ-

79 2037 178 2076 νετο.
223 2005 350 2076 Ἔστιν
385 2003 438 2076 οὖν
471 2008 580 2088 εἰπεῖν,
616 2005 668 2076 ὅτι
704 2004 746 2076 τά
781 2003 905 2103 δάμαρς
938 2004 1105 2104 δάμαρτος
1138 2010 1191 2080 καί

78 2117 216 2217 μάκαρς
249 2119 416 2219 μάκαρτος
442 2120 511 2192 ἆτά
537 2125 711 2218 συμφώνου
736 2120 910 2219 ἄρχονται,
938 2121 1090 2206 δηλονότι
1116 2126 1235 2209 οὕτως

79 2236 283 2308 δασάνονται
302 2240 377 2308 οὔτε
394 2234 588 2331 φιλοῦνται.
633 2235 687 2309 Τά
705 2234 773 2335 γάρ
792 2237 951 2334 σώμφιννα
969 2239 1044 2308 οὔτε
1061 2237 1192 2310 δασεῖαν

82 2352 298 2449 ἐπιδέχονται
331 2356 406 2424 οὔτε
436 2350 553 2445 ψιλήν,
579 2354 826 2436 ὑπεσταλμένον
854 2358 917 2424 τοῦ
943 2384 973 2438 ν,
995 2359 1099 2426 τοῦτο
1122 2352 1192 2451 γάρ

82 2469 216 2566 πέφυκε
242 2469 294 2538 καί
321 2467 524 2551 δασύνεσθαι,
551 2466 629 2550 οἷον,
655 2467 784 2565 ῥάπτιο,
807 2470 860 2540 καί
886 2467 1085 2564 ψιλοῦσθαι,
1112 2468 1191 2556 οἷον,

81 2585 214 2680 ἵμερος·
263 2584 332 2654 Οιίκ
348 2585 479 2682 ἔχουσιν
497 2583 551 2655 οὖν
566 2583 610 2656 τὸ
635 2582 760 2682 μάκαρς
784 2585 836 2656 καί
863 2583 987 2684 δάμαρς
1007 2595 1130 2671 πνεῦμα
1147 2585 1190 2660 τά

84 2697 277 2800 ἀναγκάζον
294 2699 377 2772 αιίτὰ
394 2703 570 2788 ἀποβολήν
587 2706 791 2783 ποιήσασθαι
809 2701 894 2772 κατὰ
920 2704 980 2784 τήν
997 2705 1133 2795 γενικήν,
1150 2707 1191 2780 ώς
1201 2739 1238 2778 20

85 2815 143 2885 ἐπὶ
161 2823 223 2887 τοῦ
237 2815 300 2892 ἃλς
316 2817 408 2893 ἁλός.
463 2813 576 2888 Πάλιν
592 2815 685 2910 ἄξιον
698 2817 772 2887 ἐστὶ
790 2813 942 2914 ζητήσαι,
959 2820 988 2887 εί
1003 2815 1067 2914 άρα
1084 2816 1130 2888 τὰ
1147 2821 1190 2894 εἷς

85 2928 144 3000 δύο
167 2932 327 3028 σύμφωνα
349 2936 512 3024 λήγοντα,
538 2931 690 3016 δηλονότι
713 2939 775 3002 τοῦ
801 2963 817 3003 x
843 2939 995 3015 ληκτικοῡ
1022 2934 1126 3018 ὄντος,
1153 2936 1190 3005 οιί

85 3047 190 3125 μόνον
219 3045 270 3118 διά
297 3045 342 3119 τά
369 3077 410 3118 τιτ
444 3047 493 3142 (τ)
527 3050 704 3133 κλίνονται,
747 3047 825 3130 οἷον,
857 3045 982 3146 μάκαρς
1011 3047 1188 3148 μάκαρτος,

86 3159 180 3232 ιἰλλά
205 3163 257 3232 καί
288 3160 339 3234 διὰ
366 3169 428 3234 τοῦ
457 3193 489 3247 ο,
510 3163 579 3234 οἷον
605 3163 723 3263 Τίρννς
750 3163 918 3261 Τίρυνθος,
944 3163 1034 3238 διατί
1057 3165 1144 3237 εἶπεν
1170 3167 1188 3236 ὁ

87 3275 246 3375 τεχνικὸς,
265 3289 284 3319 “
298 3281 327 3348 εί
351 3276 404 3349 οὖν
420 3279 512 3351 ἔστιν
528 3279 602 3362 θλς,
619 3279 760 3378 ώφειλεν
778 3278 855 3351 εἶναι
881 3278 987 3358 άλτός
1009 3285 1027 3364 ή
1052 3283 1187 3375 γενική,”
1199 3317 1215 3357 2
1218 3313 1236 3376 5

93 3395 138 3484 [εί
168 3391 220 3464 οὖν
245 3393 306 3465 ἔδει
330 3392 459 3486 άλτδς,]
481 3395 583 3467 πάθεν
601 3393 669 3494 γάρ
688 3395 786 3479 δῆλον
803 3396 857 3468 ὅτι
884 3397 940 3466 οιίκ
965 3395 1034 3492 εἶχε
1057 3393 1110 3467 διὰ
1128 3401 1190 3467 τοῦ

90 3538 110 3579 e
128 3512 316 3594 κλίνεσθαι;
345 3509 551 3608 Πράσκιιται
570 3510 723 3594 δηλονότι
742 3525 762 3553 “
775 3517 837 3584 τοῦ
857 3541 874 3582 2
891 3516 1045 3594 ληκτικοῦ
1063 3511 1188 3595 ὄντος,”

91 3623 141 3696 διὰ
159 3624 203 3699 τά
220 3629 263 3703 είς
281 3654 301 3698 ε
319 3632 480 3719 λήγοντα,
498 3633 606 3699 ταῦτα
632 3625 700 3724 γάρ
726 3629 802 3698 οὔτε
825 3624 877 3697 διὰ
901 3632 961 3698 τοῦ
977 3657 996 3697 τ
1012 3626 1188 3708 κλίνονται,

91 3746 168 3814 οὔτε
184 3741 235 3814 διὰ
252 3750 313 3814 τοῦ
331 3775 363 3829 e,
381 3741 460 3829 οίον,
479 3741 569 3840 σάρξ
584 3741 714 3840 σαρκὸς,
733 3740 850 3841 σφίγξ
864 3743 1029 3839 σφιγγός.
1060 3739 1189 3814 Ἔστιν

91 3857 142 3930 οὗν
161 3861 269 3942 εἰπεῖν,
288 3860 341 3930 ὅτι
359 3857 403 3930 τά
422 3861 464 3936 εἰς
482 3887 500 3928 τ
517 3862 667 3950 λήγοντα
685 3860 755 3940 μεθ’
773 3858 885 3954 ἑτέρον
902 3859 1089 3954 συμφώνου,
1105 3860 1190 3931 τότε
1198 3893 1236 3950 30

93 3972 142 4046 διά
160 3983 221 4047 τοῦ
236 4005 256 4047 τ
273 3977 437 4046 κλίνονται
464 3975 552 4056 ήνίκα
577 3975 691 4070 ἔχουσι
718 3972 760 4044 τὸ
780 4003 809 4055 ι,
828 3973 907 4056 οῖον,
924 3971 1049 4071 μάκαρς
1064 3972 1189 4073 μάκαρ-

91 4119 157 4173 τος,
188 4089 311 4188 δάμαρς
337 4087 514 4188 δάμαρτος·
553 4087 597 4161 τὰ
624 4087 692 4186 γάρ
719 4087 771 4160 διὰ
794 4093 856 4160 τοῦ
891 4120 910 4160 0
937 4090 1108 4174 κλινόμενα
1134 4092 1189 4161 οὗκ

91 4205 201 4302 ἔχουσι
230 4205 273 4277 τὸ
301 4236 332 4288 κ,
361 4205 429 4277 οἷον
455 4205 572 4303 Τίρννς
598 4205 766 4302 Τίρυνθος,
793 4208 905 4288 ἔλμινς
927 4207 1089 4288 ἕλμινθας.
1141 4203 1191 4276 Εί

92 4319 153 4416 ἄρα
170 4321 224 4395 οὖν
239 4322 281 4396 τά
301 4323 365 4400 ἃλς
389 4321 432 4394 τὸ
461 4353 479 4393 κ
504 4323 583 4418 ἔχει,
602 4320 755 4405 δηλονότι
782 4319 833 4392 διά
859 4327 921 4391 τοῦ
943 4351 962 4390 τ
979 4319 1103 4416 ώφειλε
1119 4320 1190 4389 κλί-

94 4444 212 4512 νισθαι.
266 4439 387 4518 Καλῶς
412 4437 466 4512 οὖν
482 4437 570 4512 ιίτεν
585 4441 605 4508 ὁ
622 4436 779 4535 τεχνικὸς,
797 4449 818 4479 “
833 4439 861 4507 σι’
882 4433 936 4506 οὖν
952 4435 1015 4512 ἃλς
1031 4434 1092 4505 ἔδει
1109 4432 1186 4504 εἶναι
1197 4469 1213 4526 3
1217 4467 1233 4528 5

594 4575 620 4616 M
637 4574 666 4616 m
685 4573 702 4620 2
