2982 5022
12 316 96 394 ‚mc
409 319 476 382 ατε
500 321 557 382 το
579 305 873 382 οΝοΜκτιιιοΝ.
1151 331 1195 402 45

106 487 226 588 Πίρσης
243 488 393 586 Πέρσου,
411 487 530 572 Τίννης
548 489 678 572 Τέννου,
695 487 747 562 καί
764 487 809 563 τῦ
826 487 937 574 ὅμοια.
982 487 1191 588 Πρόσκιιτοε

106 618 124 648 “
136 607 321 702 βορῦτονο”
338 603 390 677 διά
407 603 453 678 τά
470 603 611 700 όξῦτονα
630 605 683 678 κοί
705 603 751 678 τὰ
771 609 1014 702 παριστάμενα.
1062 604 1129 678 Διὰ
1145 604 1191 678 τῦ

24 745 62 809 49
77 719 233 817 οάξῦτονο
257 719 326 806 μὲν,
344 721 413 793 οίον
430 719 483 792 διὰ
504 719 547 794 τῦ
565 717 687 816 φευδῆς
704 719 854 815 ψευδοῦς·
880 729 985 796 τοῦτο
1003 719 1072 820 γάρ
1089 752 1193 794 στου·

104 837 217 910 δειακδν
233 839 267 909 ίκ
284 837 340 909 διίο
356 841 486 934 μακρῦν
502 836 719 931 συγκείμενον,
736 835 788 908 καί
806 837 890 920 ὅμως
907 841 950 915 τίς
966 867 1025 910 οτι
1042 839 1110 936 ἔχει
1130 838 1194 922 τῆν

102 956 229 1048 γενικῆν,
244 955 299 1026 καί
325 955 381 1024 οῦκ
406 956 448 1031 είς
468 953 528 1036 τῆν
549 981 589 1023 οἰ·
607 951 810 1050 δίφθογγον,
828 954 907 1026 ἀλλ’
923 955 979 1026 οῦκ
997 956 1070 1026 ἔστι
1089 955 1218 1052 βορά-5

100 1101 191 1144 τονον
210 1071 289 1140 ἀλλ’
307 1066 472 1162 όξότονον.
525 1067 731 1163 Πρόσκειται
752 1067 854 1142 πάλιν
874 1071 1053 1168 βαρίτονο,
1072 1068 1124 1142 διὰ
1145 1069 1191 1142 τὰ

100 1189 336 1283 πεμπόμενα,
353 1181 405 1255 διὰ
427 1181 471 1255 τδ
493 1183 627 1268 Σωκλῆς
649 1185 811 1270 Σωκλοῦς,
830 1184 988 1282 Προκλῆς
1005 1184 1191 1284 Προκλοῦς,

101 1308 201 1374 ταῦτα
225 1300 294 1400 γὰρ
321 1303 363 1378 είς
389 1329 447 1372 οπο
476 1301 590 1397 ἔχουσι
620 1301 681 1384 τῆν
705 1301 840 1394 γενικῆν,
866 1301 919 1372 καί
947 1300 999 1372 διὰ
1025 1301 1070 1374 τὸ
1096 1311 1192 1386 τιμῆς
1285 1382 1289 1390 ,

100 1426 258 1501 τιμῆντος,
274 1416 328 1487 καί
352 1420 512 1513 φθογγῆς
529 1421 760 1514 φθογγῆντος,
776 1422 883 1489 ταῦτα
901 1414 969 1514 γάρ
987 1415 1039 1488 διὰ
1064 1423 1126 1489 τοῦ
1149 1447 1193 1490 υτ

98 1534 270 1605 κλίνονται.
323 1529 529 1630 Πρόσκειται
553 1534 586 1605 ἐν
601 1539 650 1624 τῷ
669 1533 775 1604 κανόνι
800 1545 820 1574 “
831 1532 1060 1620 σπονδειακδ,”
1076 1531 1129 1606 διά
1145 1532 1191 1608 τά
1206 1561 1241 1600 ¹0

98 1647 243 1736 ιὀμβικὰ,
260 1645 330 1720 οίου
346 1645 398 1720 διά
414 1645 458 1720 τῦ
475 1647 597 1747 Λάχης
614 1646 777 1746 Λάχητος
798 1649 850 1720 καί
873 1646 919 1720 τά
945 1649 1044 1732 ῦμοιο
1061 1648 1113 1722 διὰ
1130 1657 1193 1723 τοῦ

96 1795 154 1838 τοι
168 1766 352 1852 κλινόμενα,
370 1767 445 1866 περὶ
462 1769 505 1840 ὦν
521 1766 668 1863 άνιντίρον
684 1768 861 1863 εἰρήκαμεν.
913 1765 1136 1850 Σεσημείιοτοι
1159 1767 1193 1838 ἕν

96 1887 143 1974 τῷ
160 1881 267 1956 κανόνι
292 1883 412 1974 τοῦτιρ,
432 1882 476 1955 τὸ
501 1879 605 1966 μόθης
622 1878 803 1978 (μάσθλης)
819 1877 967 1965 μάθητος
983 1881 1035 1955 διά
1052 1889 1115 1956 τοῦ
1131 1913 1192 1956 που

97 1999 291 2082 κλινόμενον,
314 1998 475 2090 (σημαίνει
499 1995 533 2070 δὲ
554 1996 616 2070 τὸν
639 1998 893 2091 μεμαλαγμίνον
914 2003 1047 2096 λῦρον,)
1070 1999 1122 2070 καί
1148 1996 1192 2071 τά

98 2111 207 2197 Μίλης
223 2113 393 2198 Μίλητος,
411 2115 499 2206 (ἔστι
517 2112 551 2186 δὲ
568 2114 670 2199 ὄνομα
688 2122 852 2198 ποταμοῦ·
880 2114 935 2186 διίο
952 2115 988 2185 δι’
1004 2119 1067 2187 είσι
1086 2146 1193 2187 ποτα-
1206 2143 1214 2181 1
1223 2142 1240 2199 5

97 2231 160 2316 μοί,
186 2232 206 2300 ὁ
231 2229 291 2314 μὲν
314 2227 357 2308 είς
381 2230 499 2311 Μελης
523 2230 638 2314 ιἰκοιίει,
664 2231 683 2300 δ
710 2229 744 2302 δὲ
767 2228 873 2308 ἄλλος
895 2231 1037 2326 Μίλης)
1071 2230 1124 2300 καί
1149 2228 1192 2301 τῦ

99 2344 239 2444 Μόργης
258 2345 456 2444 Μόργητος,
475 2347 564 2437 (ἔστι
585 2345 620 2420 δὲ
642 2347 745 2430 ὄνομα
767 2347 901 2440 ἔθνους)
926 2345 969 2420 τῦ
993 2345 1027 2420 δῦ
1052 2347 1106 2418 ι’πί
1130 2351 1194 2418 τοῦ

98 2460 218 2558 τρυγὸς
242 2471 302 2546 τῆς
324 2464 443 2546 ε’λαίος,
469 2464 581 2554 (ἐκεῖνο
608 2460 677 2561 γάρ
702 2465 721 2534 ὁ
747 2464 875 2562 μόργης
898 2463 1064 2559 λίγεται,)
1086 2461 1194 2548 Nalm

99 2575 256 2664 Νοίητος,
274 2578 415 2668 (ἔστιδὲ
434 2579 536 2662 ὄνομα
559 2578 693 2678 κόριου,)
709 2580 763 2650 καί
785 2577 828 2652 τῦ
850 2580 962 2677 κοόρης
979 2580 1140 2668 (σημαίνει
1158 2577 1193 2651 δῦ

97 2690 154 2764 τδν
169 2697 348 2791 νεότερον,)
361 2693 413 2764 καί
430 2693 474 2766 τδ
491 2695 596 2778 ὁπλῆς
612 2697 763 2780 δτλῆτος
778 2697 830 2768 καί
848 2694 891 2768 τὸ
910 2695 1042 2793 Πίγρης
1059 2695 1193 2791 Πίγρη-
1203 2723 1242 2764 πο

97 2839 162 2896 τος,
186 2811 265 2900 (εἰσί
290 2809 326 2882 δά
349 2816 456 2882 τοῦτο
479 2813 627 2896 ὀνόματα
652 2812 770 2910 κόρια,)
791 2810 835 2885 τδ
860 2811 988 2910 Τίγρης
1011 2811 1193 2908 Τίγρητος,

98 2925 182 3012 (ἔστι
201 2924 234 2998 δὲ
251 2926 355 3009 ὄνομα
376 2933 539 3011 ποταμοῦ,
557 2933 660 3000 τοῦτο
680 2927 716 3000 δὲ
736 2929 789 3000 καί
811 2925 863 3000 διὰ
888 2933 951 3000 τοῦ
973 2958 982 2998 ι
1007 2925 1193 3026 γράφε-ται,

98 3037 163 3112 οίον
187 3041 299 3138 τίγρις
323 3039 482 3138 πίγριδος,
508 3039 594 3114 κατά
623 3043 683 3126 τῆν
708 3043 902 3115 τελευταίαν
927 3045 1112 3133 συλλοβῆυ,
1139 3043 1192 3116 καὶ

98 3154 145 3226 διά
167 3162 230 3229 τοῦ
254 3185 287 3240 ο,
310 3157 388 3228 ἁλλ’
405 3157 493 3239 ῆνίκο
517 3155 576 3240 μὲν
599 3156 651 3230 διὰ
675 3165 738 3230 τοῦ
760 3187 822 3230 ουτ
847 3159 990 3231 κλίνεται
1014 3159 1066 3232 διά
1091 3167 1154 3234 τοῦ
1179 3191 1190 3232 1

97 3271 278 3370 γράφει-οι,
304 3269 373 3344 οίον
396 3271 558 3370 τίγριδος,
581 3273 695 3372 ὥσπερ
722 3271 832 3370 Πάρις
858 3273 1016 3373 Πάριδος,
1042 3277 1130 3358 ῆνίκα
1158 3275 1241 3349 632⁵

98 3387 145 3460 διὰ
162 3396 225 3462 τοῦ
242 3418 264 3460 n
283 3385 465 3487 γράφεται,
483 3388 535 3460 διά
558 3394 620 3462 τοῦ
643 3417 706 3460 τοι
725 3390 881 3474 κλίνεται,
899 3388 968 3464 οίον
984 3391 1114 3488 Τίγρης
1131 3391 1194 3464 Τί-

98 3533 228 3602 γρητος,
247 3507 350 3590 ὄνομα
370 3509 549 3602 ποταμοῦ.)
592 3504 679 3578 Ἔτι
698 3507 914 3591 σεσημείωται
932 3504 976 3579 τῦ
993 3505 1105 3604 Βάρης
1122 3504 1195 3578 Βά-

96 3651 203 3716 ρητος,
215 3622 268 3692 καί
285 3620 328 3693 τὸ
342 3619 479 3720 Φάγρης
491 3619 683 3720 Φάγρητος,
698 3624 775 3713 (εἶσί
790 3621 824 3694 δὲ
841 3624 989 3707 ὀνόματα
1005 3623 1123 3720 κόρια,)
1140 3623 1193 3696 καί

97 3735 136 3806 τὸ
160 3733 305 3829 Μάγνης
330 3735 527 3830 Μάγνητος,
554 3738 642 3826 (ἔστι
669 3737 703 3809 δὲ
729 3739 832 3822 ὄνομα
861 3739 968 3834 κόριον
995 3739 1048 3810 καί
1077 3740 1193 3836 ἕθνος,)

93 3851 378 3946 ἸγνηςἸγνητος,
393 3854 553 3944 (σημαίνει
567 3851 602 3924 δὲ
613 3851 673 3926 ’τῦν
686 3859 822 3947 γνῆσιον
833 3854 991 3950 Ῥόδιον,)
1001 3853 1086 3926 κατά
1100 3887 1194 3940 ποιη-
1203 3867 1242 3924 30

99 3971 185 4052 πικῆν
207 3967 316 4040 ἄδειαν
337 3966 502 4062 ἐξετάνθη·
533 3971 585 4040 καί
607 3967 650 4042 τδ
668 3967 815 4054 Μάσσης
834 3969 1034 4064 Μάσσητος,
1053 3971 1141 4060 (ἔστι
1160 3969 1194 4042 δὲ

100 4083 198 4168 ὄνομα
223 4085 374 4180 πόλεως)
399 4085 452 4156 κοί
482 4083 525 4156 πδ
555 4083 688 4182 Πόρνης
717 4083 904 4184 Πάρνηθος,
935 4087 1024 4176 (ἔστι
1055 4084 1088 4156 δὲ
1118 4088 1195 4184 ὅρος

101 4199 279 4294 Ἀττικῆς)
296 4201 348 4272 καὶ
371 4199 414 4272 τῦ
436 4199 565 4284 Μένδης
587 4199 771 4285 Μένδητος,
789 4201 878 4290 (ἔστι
898 4201 931 4273 δὲ
948 4203 1049 4286 ὄνομα
1068 4201 1195 4278 πόλεως

103 4315 300 4412 &yth-rom)
314 4319 365 4389 καί
380 4315 422 4389 τῦ
434 4317 549 4411 γλοίης
560 4317 728 4410 γλοίητος,
740 4317 901 4406 (σημαίνει
914 4317 947 4390 δὲ
957 4317 1018 4390 τὸν
1027 4321 1206 4412 κακοήθη)-

103 4433 149 4502 καί
171 4431 215 4504 τδ
240 4437 365 4530 πλῆρης
388 4438 531 4530 πλῆρους
553 4431 777 4520 σπονδειακδυ,
796 4434 814 4505 δ
832 4435 884 4504 καί
908 4437 950 4510 είς
968 4464 1024 4506 οτι
1041 4435 1111 4530 ἔχει
1135 4435 1243 4515 τῆυ35
