2972 5014
406 306 474 366 312
495 305 552 367 ΤΟ
573 304 867 368 ONOMATIKON.
1119 319 1181 386 391

67 473 217 572 στέφος
238 473 393 572 στίφους.
444 470 637 558 Ἐμάθομεν
665 471 700 545 δὲ
723 471 778 545 δτι
803 475 904 544 πάσαγ
925 471 1032 567 γενιιεή
1050 474 1109 550 ἐίς-
1126 503 1186 546 οτι

68 593 239 682 λήγουσα
265 589 459 688 συνῃρημίνη
478 590 564 662 ἔστι.
616 591 679 662 Δεῖ
700 587 754 661 σάν
772 587 834 663 τδν
850 589 1003 661 κλίναντα
1018 589 1185 687 πρότερον

72 703 269 794 λαμβάνειν
303 703 347 778 τά
380 703 516 788 ἐντελὲς,
549 705 603 777 καί
637 703 722 778 οίίτιο
762 713 867 777 ποιεῖν
898 703 959 788 τήν
991 705 1184 802 συναίρεσιν.

73 821 293 920 Πράσκειται
329 821 362 893 ἐν
394 825 442 912 τῷ
475 820 581 892 κανόνι
610 833 630 863 “
643 819 796 905 δηλονότι
830 820 1009 904 δνόματα,”
1039 818 1091 892 διὰ
1124 818 1185 898 τάς

71 934 242 1034 μετοχάς.
294 934 405 1008 Αδται
423 934 492 1036 γάρ
510 933 562 1008 διὰ
582 944 642 1010 τοῦ
666 967 727 1010 τοι
752 937 930 1023 κλίνονται,
947 937 1016 1009 οῖον
1030 935 1073 1010 τδ
1090 959 1210 1018 ‘mv-5

73 1053 154 1152 φάς
169 1059 230 1124 τοιῖ
244 1051 444 1148 τετυφάτος,
455 1047 497 1124 τδ
514 1049 690 1136 πεποιηκδς
706 1059 768 1124 τοιῖ
783 1051 1012 1137 πεποιηκότος,
1025 1050 1068 1125 τδ
1084 1060 1187 1124 λελα-

71 1167 182 1253 ληκδς
197 1175 258 1242 ποεῖ
272 1165 509 1251 λελαληκάτος,
525 1168 643 1252 ὁμοίως
664 1177 735 1247 τοῖς
759 1166 850 1247 ίδίοις
866 1169 1055 1266 άρσενυιοῖς,
1072 1165 1185 1265 ὥσπερ

73 1287 98 1355 ὁ
117 1281 273 1382 πετυφιδς
288 1289 350 1354 τοῦ
365 1282 570 1381 ’τετυφάτος,
587 1285 607 1354 ὁ
627 1283 807 1368 πεποιήιιιδς
831 1290 894 1356 τοῦ
915 1283 1144 1368 πεποιηκότος,
1156 1281 1184 1356 ’δ

72 1397 271 1483 λελαληκάς
286 1405 348 1471 τοῦ
363 1399 602 1483 λιλαληκάτοε.
654 1399 773 1473 Ταΐιτα
790 1399 848 1485 μίν
864 1401 897 1472 ἕν
913 1401 1054 1478 τοθτοις.

129 1515 262 1587 Ἰστέον
287 1513 321 1586 δὲ
348 1514 402 1587 δτι
427 1512 470 1587 τὸ
493 1515 618 1613 ὄφελος
643 1513 782 1588 ε’ίιελιτόν
804 1517 889 1589 ε’στι·
915 1516 967 1588 καί
993 1513 1087 1611 άξιον
1110 1515 1184 1588 ἔστί
1201 1543 1234 1582 ιο

76 1631 237 1732 ζἰπῖισαι,
255 1631 345 1704 διατί
366 1633 458 1703 ε’στιν
475 1630 623 1704 άιιλιτον.
665 1631 777 1703 Ἔστι
804 1629 838 1702 δὲ
863 1633 962 1703 εἰπεῖν
984 1632 1107 1714 ταύτην
1125 1632 1186 1714 τήν

76 1748 285 1842 ἀπολογίαν
310 1744 355 1819 τά
381 1745 434 1819 διὰ
458 1753 521 1819 τοῦ
546 1776 631 1818 mox
657 1745 739 1844 ὑπὲρ
763 1745 817 1818 διῖο
838 1744 1014 1834 συλλαβάς
1032 1747 1088 1816 οιίκ
1105 1747 1186 1817 είσῖν

78 1863 248 1961 οὐδέτερα,
276 1863 346 1934 οῖον
376 1859 536 1963 ζάφελος,
563 1864 596 1954 (ὁ
623 1863 890 1960 μεγαλαφελής,)
917 1862 1076 1957 ἄγγελος,
1102 1861 1186 1946 πίμ-

78 1988 196 2060 πελος,
215 1979 375 2071 (σημαίνει
402 1978 437 2050 δὲ
458 1975 519 2051 τδν
535 1983 672 2050 πολλῶν
689 1979 838 2052 ἐνιαυτῶν
855 1981 963 2074 ὄντα,)
978 1978 1023 2052 τὰ
1045 1977 1113 2077 γάρ
1131 1977 1185 2050 διά

78 2100 146 2166 τοῦ
180 2124 264 2166 εισι
299 2091 450 2191 οὖδάτερα
479 2093 669 2182 δισύλλαβα
704 2093 795 2178 είσίν,
830 2093 899 2166 οῖον
926 2093 1024 2172 τέλος
1056 2095 1183 2171 σκέλος.
1199 2121 1231 2179 15

76 2209 223 2293 Ἐπειδὴ
249 2207 302 2282 οδν
325 2207 369 2283 τδ
398 2210 524 2308 ὄφελος
550 2207 602 2282 διὰ
625 2215 688 2281 τοῦ
713 2239 796 2282 mox
822 2209 903 2308 ὑπὲρ
929 2207 984 2282 δίο
1009 2208 1186 2298 συλλαβάς

80 2324 235 2424 ὑπάρχον
251 2326 304 2396 καί
329 2323 498 2424 οάδίτερον
514 2325 616 2408 ι’στίν,
637 2325 767 2403 είκάτιες
791 2326 832 2403 ὡς
855 2325 900 2409 μή
925 2326 1064 2423 ἔχοντί
1087 2329 1186 2410 μιμή-

80 2445 210 2514 σασθαι
227 2441 344 2525 ἔμεινεν
361 2439 509 2514 άιελιτου.
560 2440 679 2513 Ταιῖτα
695 2439 754 2525 μίν
770 2441 802 2512 ἐν
817 2441 960 2518 τούτοις.

134 2555 264 2628 Ἰστὲον
281 2553 315 2627 δὲ
335 2555 389 2628 ὅτι
413 2553 456 2629 τδ
474 2587 494 2628 ιε
511 2555 563 2628 καί
582 2588 600 2628 ο
619 2559 662 2634 είς
683 2556 744 2640 τήν
761 2587 801 2628 οε
826 2555 1020 2654 δίφθογγον
1036 2556 1184 2654 ιιῖρναται

81 2673 163 2769 παρ’
180 2675 253 2755 ήμῖν
276 2671 329 2743 καί
348 2669 447 2770 ’παρά
472 2681 543 2750 τοῖς
564 2671 762 2756 Ἀθηναίοις,
786 2667 856 2743 οῖον
873 2670 1100 2756 Δημοσθίνεος
1117 2673 1233 2754 Δη-το

81 2788 268 2872 μοσθάνους,
299 2786 479 2872 Διομήδεος
509 2785 701 2872 Διομήδους,
734 2787 861 2884 τείχεος
893 2787 1033 2884 τείχους,
1067 2786 1186 2875 βέλεος

83 2902 210 2988 βέλους·
242 2902 384 2979 σπανίας
409 2899 444 2972 δὲ
473 2898 565 2998 παρὰ
591 2910 664 2978 τοῖς
689 2899 888 2984 Ἀθηναίοις,
903 2900 956 2972 καί
985 2903 1028 2978 είς
1060 2901 1121 2984 τήν
1150 2933 1183 2974 ιιι

84 3015 277 3113 δίφθογγον
293 3016 454 3114 κίρναται,
472 3013 541 3088 οίον
556 3014 629 3089 δίου
645 3015 719 3098 δεῖν,

243 3157 370 3213 δεῖυτόδε
383 3157 516 3232 γενέσθαι,

82 3283 185 3356 πλέον
202 3292 307 3368 πλεῖν,
325 3287 365 3361 ὡς
381 3283 473 3383 παρὰ
490 3283 735 3384 Ἀριστοφάνει
753 3287 786 3356 ἐν
803 3283 1009 3384 Βατράχοις,
1034 3289 1118 3380 [91.]
1184 3323 1230 3385 ·25

242 3427 384 3500 Εὐριπίδου
397 3431 474 3484 πλεῖν
487 3425 503 3498 ή
518 3429 627 3485 σταδίου
640 3429 795 3503 λαλίστερα,

84 3555 156 3628 άντῖ
171 3561 232 3628 τοῦ
248 3553 352 3627 πλίον
368 3553 507 3628 σταδίου
529 3555 712 3654 Εδριπίδου
735 3559 967 3657 φλυαριάτερα.
1020 3555 1124 3656 Παρὰ
1150 3557 1185 3630 δὲ

84 3681 153 3749 τοῖς
170 3671 328 3768 Δωριεῦσι
346 3671 398 3742 καί
415 3681 487 3748 τοῖς
501 3671 617 3744 Ἴωσιν
634 3674 677 3750 είς
692 3669 753 3756 τήν
770 3705 808 3745 ιετ
825 3672 1020 3772 δίφθογγον
1036 3673 1184 3772 κίρναται

84 3783 126 3859 τδ
143 3817 163 3858 α
179 3785 232 3857 καί
249 3781 292 3858 τδ
310 3817 341 3869 ο,
359 3783 428 3857 οῖον
446 3785 606 3884 Ἐρέβευς
621 3786 790 3884 Ἐρέβευς,
808 3785 844 3861 δν
866 3793 923 3883 [Il.
942 3789 984 3863 θ.
1001 3789 1091 3883 368.]

242 3928 272 3999 ἐξ
285 3925 407 4001 Ἐρέβευς
418 3928 515 3999 ι’ίξοντα
532 3929 619 4002 (ιιιῖνα)
635 3932 764 4004 στυγεροῦ
777 3925 878 3995 Ἀῖδαο,
1193 3941 1232 3998 30

85 4051 156 4123 άντῖ
171 4058 232 4124 τοῦ
248 4051 421 4151 Ἐρέβους.
473 4051 665 4140 Ἐμάθομευ
681 4053 716 4128 δὲ
738 4056 814 4154 περὶ
831 4064 890 4140 τῆς
906 4058 1059 4141 τοιαάιης
1078 4087 1186 4130 συναι-

86 4167 206 4264 ρίσευς,
223 4173 323 4262 ἤγουν
338 4167 490 4266 κράσεως,
501 4170 560 4242 ,καί
577 4171 609 4242 ἐν
626 4179 697 4248 τοῖς
713 4170 902 4268 άρσενιιιοῖς,
919 4172 953 4244 ίν
969 4179 1010 4268 τῇ
1029 4174 1185 4272 περὶτοῦ

88 4283 309 4367 Δημοσθένους
326 4283 532 4378 διδασκαλίᾳ.
582 4284 713 4358 Ἰστίον
730 4283 764 4358 δὲ
781 4287 836 4362 ὅτι
853 4289 933 4384 παρ’
944 4287 1082 4386 Ὁμήρῳ
1097 4287 1185 4362 οὐδέ-
