2972 5014
7 331 65 396 δ’.
425 339 492 399 ΕΙΣ
514 339 571 401 ΤΟ
592 337 884 400 ΟΝΟΜΑΤΙΚΟΝ.
1138 341 1201 412 377
1271 343 1273 346 ’

24 509 60 574 b
80 502 193 574 τέλει
211 503 327 600 λέξεως
344 506 537 603 εὑρίσκεται,
555 506 625 578 οἷον
648 517 737 593 μυῖα,
761 505 893 603 ἅρπυια,
912 503 986 581 υἱός.
1035 501 1086 574 Ἥ
1112 499 1209 599 δουρὶ.

84 618 227 705 δοτικὴ,
244 618 314 692 οἷον
330 624 371 698 ώς
387 625 465 719 παρ’
484 622 659 708 Ἀλκμᾶνι,

264 813 337 885 δουρὶ
349 817 439 888 ξυστῷ
452 815 561 885 μέμηνεν
573 812 645 880 Δίος,

85 969 171 1042 ἆπδ
186 980 245 1055 τῆς
262 971 373 1072 δουρὸς
390 983 513 1068 γενικῆς
530 975 661 1068 γε’γουε,
677 981 789 1071 τροπῇ
805 980 868 1046 τοῦ
885 1003 925 1045 ου
942 977 985 1050 εἷς
1002 1003 1025 1044 1.

150 1099 174 1130 “
188 1087 241 1160 Τδ
258 1095 331 1172 πῶῐ,
348 1087 391 1161 τδ
409 1089 498 1183 γόνυ,
515 1089 559 1161 τῦ
576 1089 664 1187 δόρυ,
681 1091 708 1161 ιδ
723 1095 805 1176 miv,
822 1091 849 1162 ώ
865 1090 954 1182 γόνυ,
971 1091 997 1161 ώ
1013 1088 1052 1160 δύ
1074 1091 1118 1161 υ.”
1209 1106 1225 1166 5

149 1203 297 1301 Εἴρηται
322 1205 376 1277 ὅτι
401 1203 447 1277 τὰ
473 1204 625 1304 οῦδίπερα
654 1206 714 1288 τῆν
739 1205 837 1287 αύπῆν
864 1205 997 1301 ἔχουσιν
1022 1205 1120 1302 ὀρθῆυ
1146 1203 1198 1274 καὶ

88 1321 283 1404 αἰτιατικὴν
299 1321 351 1392 καί
368 1325 533 1404 κλητικῆν.

149 1433 211 1505 T&
236 1437 319 1506 πώεε
342 1435 390 1507 τώ
412 1435 509 1528 γόνυε
532 1437 580 1507 τώ
607 1433 710 1534 δόρυε,
736 1447 808 1508 τοῖν
830 1436 950 1506 πιοὲοιν
973 1445 1047 1506 τοῖν
1071 1436 1200 1528 γονύοιν

89 1560 174 1621 τοῖν
190 1549 325 1649 δορύοιν,
343 1553 370 1624 ιδ
385 1553 467 1622 πώεε
483 1551 509 1623 ώ
525 1545 621 1645 γόνυε
643 1553 668 1622 ώ
690 1550 793 1649 δώρυε.
844 1549 900 1622 T&
926 1554 1014 1622 πώεα
1035 1549 1080 1624 πᾶ
1099 1552 1200 1644 γόνυα

91 1664 146 1737 τὰ
166 1663 274 1764 δόρυα.
1213 1693 1248 1733 ιο

148 1779 281 1852 Ἰστίον
311 1781 365 1854 ὅτι
392 1779 440 1852 τὰ
469 1781 570 1873 γόνυα
600 1779 652 1850 καί
683 1779 781 1877 δόρυα
811 1782 937 1873 γίνεται
967 1783 1039 1853 καθ’
1065 1783 1201 1878 ὑπερβι-

94 1893 237 1984 βασμόν
252 1902 316 1967 τοῦ
336 1927 357 1967 τ
378 1903 479 1989 γοῦνα
501 1897 554 1968 καί
578 1893 687 1994 δοῦρα.
739 1897 884 1967 Δύνατοι
910 1895 944 1968 δὲ
969 1899 1020 1968 καί
1046 1895 1115 1969 ἀπὸ
1140 1903 1202 1968 τοῦ

95 2011 263 2105 γούνατος
292 2012 344 2082 καὶ
374 2011 531 2109 δούρατος
561 2013 714 2105 γενέσθω
743 2011 828 2084 κατὰ
857 2012 1030 2095 ιἰποκοπῆν
1057 2009 1116 2096 τῆς
1140 2039 1201 2082 τοι

96 2129 275 2215 συλλαβῆς
292 2134 394 2221 γοῦνα
410 2128 462 2200 καὶ
480 2127 590 2226 δοῦρα.

153 2254 174 2284 “
187 2241 264 2313 Τιῦυ
280 2243 389 2314 πωέιαν
404 2248 470 2315 τῶν
488 2245 609 2336 γονιίιου
627 2249 693 2315 τῶν
713 2243 844 2342 δορύαιν.
896 2243 977 2321 Τοῖς
1002 2247 1104 2315 πώεσι
1129 2253 1201 2320 τοῖς
1212 2269 1246 2329 15

96 2358 217 2451 γόνασι
233 2367 306 2434 τοῖς
323 2356 468 2454 δόρυσι.”

148 2472 280 2545 Ἰστέον
303 2475 357 2546 ὅτι
383 2472 452 2545 ἆπδ
477 2469 536 2558 τῆς
562 2473 688 2559 δοτικῆς
710 2481 775 2548 τῶν
798 2477 902 2546 ἑνικῶν
924 2471 1124 2573 κανονίζεται
1145 2474 1199 2545 ἐπὶ

94 2588 224 2660 τούτων
240 2592 259 2670 ἧ
276 2587 387 2671 δοτικὴ
403 2593 469 2660 τῶν
485 2595 716 2672 πληθυντικῶν,
731 2587 799 2688 πρδ
822 2597 884 2662 τοῦ
901 2621 911 2660 1
930 2589 1201 2687 προσερχομένου

95 2707 163 2775 τοῦ
181 2733 208 2786 τ,
224 2710 274 2794 τῷ
292 2703 397 2775 κανόνι
421 2707 471 2796 τῷ
494 2705 644 2803 είρῆμίνιρ
669 2707 701 2777 ἐν
723 2713 767 2801 τῇ
788 2707 865 2803 περὶ
890 2706 952 2779 τοῦ
975 2715 1047 2782 τοῖς
1068 2707 1199 2792 βήμασι

98 2817 308 2911 διδασκαλίᾳ.
1209 2847 1246 2887 20

151 2947 172 2976 “
186 2931 243 3006 Τᾶ
267 2937 356 3006 πώεα
381 2933 426 3007 τᾶ
454 2935 554 3030 γόνυα
580 2935 624 3010 τὰ
650 2937 760 3036 δόρυο.
804 2935 851 3006 Ὦ
876 2939 964 3007 πώεα
991 2934 1021 3007 ιδ
1043 2933 1144 3027 γώνυα
1173 2933 1200 3005 ώ

98 3051 230 3148 δυ’ρυο.”

539 3249 677 3346 [Κιιυδυ
700 3249 755 3344 αἱ]

146 3395 278 3469 Ἰστέον
297 3398 351 3471 ὅτι
376 3397 421 3471 τὰ
445 3403 488 3477 είς
506 3431 549 3472 ου
567 3399 720 3499 οῦδεπερα
735 3402 780 3476 εἷς
797 3429 837 3471 ον
853 3400 967 3496 ἔχουσι
984 3400 1044 3482 τῆν
1061 3400 1197 3492 γενικῆν,

99 3511 168 3583 οῖον
192 3514 315 3609 με’τρον
338 3516 470 3613 μέτρου,
494 3514 593 3610 ξύλον
617 3513 727 3610 ξύλου,
746 3513 875 3612 δένδρον
893 3513 1033 3613 δένδρου,
1050 3515 1242 3612 πλέθρουο5

99 3628 255 3725 πλέθρου.
307 3628 361 3702 Τὸ
384 3630 452 3728 γὰρ
475 3631 615 3720 βέλτιον
639 3631 813 3720 βελτίονος
837 3632 890 3701 καὶ
915 3641 1066 3728 κρεῖττον
1090 3632 1197 3728 κρείτ-

99 3773 194 3820 τονος
210 3741 278 3813 ἆπδ
294 3751 355 3816 τοῦ
371 3747 390 3816 ὁ
408 3747 551 3833 βελτίων
569 3752 632 3817 τοῦ
652 3746 828 3834 βελτίονος
848 3747 900 3818 καὶ
924 3749 943 3818 ὁ
963 3749 1119 3844 κρείττων
1135 3754 1197 3820 τοῦ

99 3860 284 3957 κρείττονος
301 3861 469 3957 ἆρσενικοῦ
485 3863 658 3956 γεγόνασι,
671 3863 723 3933 καί
741 3861 894 3945 δηλονότι
910 3863 970 3946 τῆν
985 3869 1052 3936 τιῦν
1068 3864 1197 3961 ἀρσενι-

100 3980 158 4046 κῦν
187 3976 295 4046 κλίσιν
323 3975 501 4072 ἐφύλαξαν,
532 3980 571 4055 ὡς
601 3979 634 4048 ἐν
662 3988 733 4055 τοῖς
764 3980 998 4076 προλαβοῦσιν
1028 3981 1147 4078 εἴρηκεν
1175 3981 1195 4050 ὁ

100 4087 255 4187 τεχνικὸς,
272 4090 369 4168 ὅσους
383 4092 517 4169 κανόνας
533 4095 673 4190 ἐροῦμεν,
691 4094 765 4190 περὶ
783 4101 967 4190 μονογενιῦν
983 4097 1124 4194 ἐροῦμεν·
1149 4091 1194 4167 τὰ
1204 4121 1243 4180 30

102 4202 167 4303 γὰρ
193 4204 345 4303 οὐδέτερα
373 4206 418 4279 τὰ
449 4206 813 4310 παρασχηματιζόμενα
843 4212 1021 4308 ἆραενικοῖς
1046 4211 1106 4294 τῆν
1129 4215 1196 4282 τιῦν

102 4323 271 4420 ἆρσενικῶν
297 4325 405 4395 κλίσιν
435 4320 675 4420 φυλάττουσιν·
710 4327 823 4410 ἆμελει
851 4325 895 4397 τδ
925 4334 1041 4398 πλεῖον
1069 4327 1122 4397 καὶ
1151 4325 1194 4398 τδ

614 4459 668 4523 30
