2982 5022
289 340 313 401 4
582 325 785 386 l'EssPFIO‘r
805 325 1099 388 xolponozwr

292 490 361 592 γδρ
383 492 426 565 τδ
450 493 553 577 ὄνομα
579 496 730 578 πτώσεις,
748 493 827 578 οἷον,
845 494 954 593 ὀρθὴν,
972 494 1107 588 γενικὴν,
1126 491 1266 578 δοτικὴν,
1285 495 1397 565 αι’τια-

292 609 394 693 τικίηυ,
407 608 459 679 καί
477 613 642 692 κλητικῆν.
673 607 878 682 “Ἑκύστου
894 613 959 682 τῶυ
975 609 1186 694 ὑποκειμένων
1197 605 1360 693 σωμάτων
1378 607 1398 689 ίς

1220 720 1334 751 ὶὶν

292 721 532 821 πραγμύτων.”
560 725 776 809 Ὗποκείμενα
788 731 946 796 καλοῦσιν
958 728 991 797 οί
1003 754 1231 823 γραμματικοι
1248 754 1295 795 τα
1313 753 1398 794 οντα

335 836 434 865 «r
766 837 1009 910 δλλέΙ
1191 845 1207 864 Α

292 870 344 909 και
368 869 576 936 υπαρχονπα,
599 841 740 922 σώματα
785 873 811 924 ε,
833 871 879 910 τα
904 871 1140 912 υποπιπτοντα
1165 871 1207 932 τη
1232 841 1398 922 αι’σθῆσει,

294 953 364 1025 οίον
385 955 490 1039 λίθος,
510 953 618 1049 ξύλον,
640 952 821 1051 ἅνθρωπος,
837 957 890 1025 καῖ
915 953 961 1028 τὰ
987 961 1138 1027 τοιαῦτα.
1171 956 1234 1024 Δεῖ
1248 953 1283 1024 δὲ
1300 955 1424 1046 ’μναῖ-5

294 1101 381 1140 σκειυ
393 1070 446 1140 ὅτι
461 1071 628 1152 αἰσθήσεις
641 1070 702 1140 εἶσί
716 1069 826 1153 πέντε,
841 1069 965 1166 ὅρασις,
979 1071 1157 1166 ὄσφρησις,
1170 1069 1263 1150 εἰκοῆ,
1274 1074 1396 1161 γεῦσις,

293 1187 346 1257 καί
363 1190 447 1282 ἁφή·
472 1184 516 1258 τὰ
536 1183 589 1256 οὖν
605 1188 841 1258 ὑποπίπτοντα
858 1193 903 1280 τῷ
919 1189 1069 1270 αἰσθήσει
1086 1192 1225 1256 καλοῦσι
1242 1187 1394 1268 σόματα·

293 1299 482 1399 πράγματα
506 1300 539 1372 δὲ
564 1309 701 1373 καλοῦσι
726 1300 772 1375 τὰ
796 1303 1033 1375 ὑποπίπτοντα
1057 1302 1146 1393 μόνῳ
1170 1307 1219 1392 τῷ
1243 1307 1295 1391 νῷ,
1317 1299 1395 1380 οἷον,

293 1417 459 1515 ῥητορικὴ,
477 1417 702 1511 γραμματικὴ,
720 1417 773 1487 καί
795 1415 842 1489 τὰ
866 1423 1018 1489 τοιαῦτα·
1043 1422 1152 1488 ταῦτα
1173 1413 1242 1511 γὰρ
1264 1412 1395 1504 ούδεμιῷ

292 1538 358 1606 τῶν
375 1535 557 1614 αἰσθήσεων
576 1533 832 1621 ὑποπίπτουσιν,
850 1531 941 1604 ἀλλὰ
965 1534 1053 1623 μόνῳ
1075 1539 1124 1624 τῷ
1149 1539 1201 1624 νῷ·
1234 1529 1307 1602 ούδὲ
1327 1528 1397 1628 γὰρ
1411 1559 1444 1598 ιο

294 1648 376 1719 είσῖν
389 1645 546 1733 αἰσθητὰ,
559 1645 650 1718 ἀλλὰ
664 1646 775 1734 νοητά.
803 1659 826 1691 “
839 1649 961 1732 Κοιυίην
977 1649 996 1732 ἦ
1014 1648 1095 1720 ἰδίαν
1108 1648 1247 1719 ούσίαν.”
1273 1645 1397 1730 Καινὴν

295 1763 330 1836 δὲ
352 1765 465 1837 ούσίαν
488 1766 631 1859 λέγομεν
653 1767 713 1849 τίην
734 1764 820 1840 κατὰ
844 1772 981 1838 πολλῶν
1003 1765 1183 1850 τιθεμένην,
1200 1767 1240 1843 ὡς
1256 1764 1312 1835 ἐπί
1333 1771 1399 1837 τού

294 1880 476 1979 ἅνθρωπος,
500 1884 614 1964 ἰ’τπος,
641 1883 745 1953 ἐλαία·
777 1881 859 1954 ἰδίαν
884 1881 918 1954 δὲ
942 1883 1014 1954 καθ’
1038 1877 1106 1958 ἑνός
1131 1880 1399 1977 παραλαμβανο-

293 1999 398 2081 μὲνην,
413 1997 480 2075 οἶος
497 1997 571 2068 ε’στῖ
590 1993 777 2094 Σωκράτης,
790 1994 951 2068 Πλάτων·
972 2003 1079 2069 ταῦτα
1097 1994 1165 2094 γὰρ
1184 1998 1197 2066 ι’
1215 1998 1267 2066 ίαν
1282 1995 1398 2066 ούσίαυ

293 2114 515 2198 σημαίνουσιν.
543 2123 563 2154 “
574 2110 782 2194 Ἀτονύμον”
795 2111 829 2182 δὲ
845 2110 888 2184 τδ
904 2111 1054 2209 παρέχον
1066 2112 1152 2183 ἐστί.
1179 2112 1243 2181 Δεῖ
1253 2109 1288 2182 δὲ
1300 2113 1399 2205 γιυιύ-
1411 2139 1423 2178 ι
1428 2137 1443 2196 5

292 2257 381 2302 σκειν
399 2230 452 2302 δτι
469 2227 564 2312 τινὲς,
581 2229 623 2299 ῷν
635 2227 728 2298 ἐστίν
745 2229 764 2297 ὁ
782 2227 972 2304 Φιλότονος
988 2226 1040 2297 καί
1055 2224 1223 2310 Ῥωμανδς
1239 2227 1258 2297 ὁ
1274 2227 1399 2296 τούτου

293 2339 500 2426 διδάσκαλος,
519 2357 539 2386 “
552 2342 738 2424 ποιότητο”
754 2343 911 2434 λέγουσιν
931 2344 964 2413 ἐν
983 2349 1034 2434 τῷ
1053 2341 1119 2440 δρῳ
1136 2342 1210 2414 ἀντὶ
1231 2348 1292 2414 τοῦ
1308 2353 1332 2384 “
1345 2344 1399 2414 ού-

294 2455 400 2545 σίαυ,”
411 2459 489 2541 οίον,
508 2469 528 2500 “
540 2456 643 2540 ὄνομα
661 2455 733 2528 ἐστί
750 2458 848 2553 μέρος
865 2459 974 2550 λόγου
990 2455 1157 2529 ποτικὸν
1173 2455 1315 2529 ἑκάστου
1330 2463 1399 2528 τῶν

293 2575 503 2659 ὑποκειμένων
520 2571 680 2657 σωμότων
696 2573 715 2655 ίη
732 2569 942 2669 πραγμάτων
957 2573 1063 2656 κοινὴν
1085 2572 1104 2655 ἢ
1128 2570 1209 2644 ι’δίαν
1228 2573 1398 2655 ποιότητα

295 2690 491 2774 ἆπουίμον·”
516 2685 623 2770 ἐπειδὴ
646 2687 698 2758 καί
725 2690 743 2768 ἦ
766 2687 904 2770 ποιότης
929 2687 962 2758 ἐν
986 2688 1080 2780 ούσίᾳ
1104 2692 1282 2784 θεωρεῖται.
1325 2687 1398 2759 Καί
1411 2715 1446 2753 το

520 2803 693 2832 ’119

295 2803 408 2879 ι’στόον
420 2805 474 2876 ὅτι
492 2835 587 2875 ουσια
603 2834 661 2886 μευ
678 2833 770 2873 εστιν
787 2806 804 2884 ἦ
822 2803 1077 2881 δυθυπόστατος
1092 2801 1241 2901 δπαρξις·
1259 2802 1329 2874 οίον
1343 2801 1401 2875 ἅν·

295 2928 434 3020 θρωπος,
446 2922 561 3004 ἵππος,
571 2920 624 2989 καί
638 2917 683 2990 τὰ
696 2923 847 2990 τοιαῦτα·
865 2919 1003 3002 ποιότης
1014 2917 1048 2990 δὲ
1060 2917 1141 2991 αύτδ
1153 2918 1197 2991 τὸ
1210 2919 1316 3002 τοιδν,
1328 2919 1401 2992 οἷον

293 3036 336 3110 τδ
353 3034 475 3118 λευκδν,
492 3033 535 3107 τὸ
552 3031 682 3128 ξανθὸν,
700 3032 742 3106 τδ
759 3034 873 3118 μέλαν,
891 3035 943 3106 καί
961 3033 1176 3106 τὰτοιαῦτα.
1213 3035 1259 3106 ‘O
1276 3034 1311 3106 δὲ
1329 3049 1350 3078 “
1361 3037 1401 3119 ’δ”

207 3182 247 3250 31
263 3151 505 3236 θσύνδεσμοςὸ
523 3151 662 3234 κείμενος
675 3150 708 3220 ἕν
719 3153 768 3240 τῷ
787 3150 862 3247 ὅρῳ,
876 3148 1185 3251 παραδιαζευκτικός
1202 3153 1305 3224 ε’στιυ·
1326 3155 1402 3224 ι’σο·

293 3267 424 3352 δυναμεῖ
448 3259 482 3338 δὲ
507 3267 526 3336 ὁ
551 3260 861 3363 παραδιαζιυκτικδς
877 3271 926 3357 τῷ
948 3265 967 3348 ίη
989 3273 1037 3358 τῷ
1057 3263 1261 3366 διαζευκτικῷ
1277 3267 1331 3337 καί
1349 3271 1401 3359 τῷ
1412 3293 1447 3352 ²5

293 3384 345 3456 καί
364 3381 531 3472 συνδέσμῳ
543 3387 591 3472 τῷ
609 3386 850 3472 συμτλεκτικῷ·
873 3379 922 3452 δεῖ
936 3379 1005 3480 γὰρ
1019 3385 1188 3474 γινώσκειν
1200 3382 1254 3452 ὅτι
1273 3379 1402 3474 ψιλού-

293 3529 388 3584 μενου
404 3498 457 3568 καί
475 3493 665 3592 όξυυόμενου
682 3497 828 3580 σημαίνει
842 3497 951 3568 πέντε·
973 3497 1152 3581 σύνδεσμον
1169 3494 1401 3596 διαζευκτικδν,

293 3612 354 3685 τόν
370 3611 414 3684 τὰ
436 3613 564 3684 ε’νανπία
584 3618 627 3706 τῷ
648 3609 801 3706 συντάξει
819 3610 1008 3696 διῖστῶντα,
1026 3612 1107 3698 oron,
1125 3611 1175 3694 “5
1193 3607 1234 3710 ζῆ
1250 3610 1269 3694 ί]
1285 3611 1403 3695 τέθνη-

294 3758 356 3810 κεν,
382 3726 401 3809 ἦ
432 3724 489 3820 νύξ
511 3727 604 3796 ἐστίν
627 3727 646 3810 ίη
673 3729 804 3824 ἡμέρα.”
839 3735 946 3802 ταῦτα
975 3727 1043 3826 γὰρ
1071 3727 1401 3823 παραλαμβαυέσθαι

295 3845 379 3926 ὁμοῦ
399 3839 568 3926 ἀδύνατον,
584 3843 624 3919 ὡς
646 3843 680 3913 ἕν
700 3873 747 3928 τι,
765 3841 928 3928 διίστησιν
950 3844 969 3915 ό
993 3845 1012 3928 ίη
1035 3842 1222 3926 σύνδεσμος·
1249 3843 1301 3914 καί
1327 3847 1405 3917 σύν-
1411 3875 1455 3930 30

297 3957 418 4042 δεσμου
434 3953 753 4056 ταραδιοζενκτικδν,
774 3958 835 4031 τόν
857 3961 890 4032 ἐν
911 3970 983 4038 τοῖς
1006 3958 1186 4042 δυναμένοις
1211 3960 1295 4042 ὁμοῦ
1321 3958 1405 4034 εῖναι

296 4073 563 4166 καταγινόμενον,
592 4074 646 4145 καί
678 4073 740 4146 τὸν
769 4071 916 4173 διάφορα
947 4072 1138 4173 πράγματα
1167 4075 1317 4160 τιθέντα,
1347 4079 1404 4150 καί

296 4187 393 4274 μηδὲν
409 4190 524 4286 ἕτερον
540 4189 572 4260 ἐν
588 4193 632 4283 τῷ
650 4192 778 4274 αι’τῆσει
796 4189 994 4288 διαιροῦντα,
1011 4193 1052 4268 ὡς
1067 4191 1121 4262 καί
1131 4189 1284 4290 Ὄμηρος

704 4305 791 4376 &vioe
804 4307 820 4378 ἣ
833 4311 954 4374 παλαιὸς,

297 4417 457 4490 τουτέστι
474 4416 755 4506 συμβουλευσότω
776 4419 795 4504 ίη
818 4422 886 4500 νέος
907 4421 960 4494 καί
982 4423 1027 4507 μίη
1050 4421 1203 4510 παλαιὸς,
1221 4423 1240 4508 ἦ
1255 4425 1456 4516 ταλαιδςςς
