2954 5024
418 323 485 385 μιν
506 323 562 385 ια
584 323 879 386 οαοωετιιιου.
1133 339 1194 407 233

59 496 138 566 οὐκ
171 493 290 590 ἔχουσι
315 489 359 564 τό
383 521 393 562 1
415 493 509 588 ἕντῆ
533 491 646 588 όοτικῆ
671 498 738 566 τῶν
754 494 869 566 ίνικῶν·
903 497 952 586 τῶ
980 491 1106 578 Καμμῦ
1126 491 1195 590 γάρ

59 611 132 683 καὶ
155 615 213 701 τῶ
235 607 376 682 Κλαυσῶ
397 609 449 680 καί
474 614 524 700 τῷ
547 609 648 681 Διονῶ
668 609 721 680 καί
746 616 796 701 τῷ
820 607 939 708 Λαρδῦ
962 611 1061 709 χωρίς
1083 616 1146 683 τοῦ
1172 639 1194 694 υ,

60 724 204 810 ε’·πειὸῆ
232 724 392 800 οόόίτοτε
422 726 455 798 ἒν
486 725 577 799 πόλει
611 723 729 822 λε’ξεως
761 729 781 810 ή
815 755 847 797 τι
883 724 1075 824 δίφθογγος
1114 729 1195 827 εάρί·

61 874 222 928 σεεν-αι,
243 839 313 917 οίον
333 851 420 928 μυῖα,
436 840 571 941 άρτυια,
589 843 664 921 υἱός.
715 841 766 916 Εἰ
788 840 879 940 ςίχον
898 841 952 915 οὖν
968 850 1077 918 ταῦτα
1101 845 1193 940 ἐυτῆ

63 1075 213 1173 λέξεως
238 1076 454 1175 εὑρίσκεσθαι,
480 1075 564 1173 ὅπερ
593 1075 687 1148 ἐστίν
715 1073 882 1148 άόόνατον.
932 1076 1051 1150 Ταῦτα
1079 1076 1195 1161 μὲνέν

66 1193 236 1270 τούτοις.

133 1307 275 1380 ’Ῑστίον
291 1304 326 1380 δὲ
342 1307 397 1380 ὅτι
416 1305 463 1380 τά
480 1309 523 1386 εἷς
538 1335 576 1380 τι
593 1307 743 1393 σιίνθετα,
761 1308 864 1393 είμέν
878 1308 947 1382 ἆπό
964 1312 1080 1382 άπλῶν
1095 1313 1140 1389 είς
1156 1339 1194 1386 τι

68 1422 265 1519 ληγόντων
293 1424 357 1496 εἶσί
387 1425 624 1514 συντεθειμένα,
653 1425 714 1508 τήν
742 1429 808 1498 τῶν
834 1428 951 1498 ἁπλῶν
979 1423 1194 1526 φυλάττουσι

73 1541 214 1624 κλίσιν,
231 1536 309 1623 οίον,
326 1539 456 1638 βραχὺς
471 1541 628 1640 βραχέος,
645 1541 832 1638 τρίβραχυς
852 1537 1066 1640 τριβράχεος,
1089 1549 1195 1640 πῆχυς
1207 1567 1243 1608 10

72 1661 228 1756 πήχεος,
254 1653 433 1755 δεκάπηχυς
461 1654 669 1755 δεκαπήχεος,
696 1661 797 1740 θῆλυς.
822 1661 947 1740 θήλεας,
978 1658 1195 1756 άρσενοθῆλυς

76 1775 340 1873 ἆρσενοθήλεος,
369 1775 462 1871 ίχθῶς
490 1773 612 1871 ι’χθόος,
641 1769 823 1870 κάλλιχθυς
851 1773 1062 1870 καλλίχθνος,
1089 1776 1195 1872 ὀφρῦς

78 1890 234 1990 ὀφρύος,
260 1889 442 1988 λεόκαφρυς
469 1889 680 1989 λευκόφρυος·
724 1893 754 1962 εί
786 1887 821 1962 δὲ
852 1887 922 1962 ἀπὸ
954 1893 1102 1988 ῥήματος
1130 1891 1194 1964 εἶσί

79 2007 331 2090 συντεθειμένα,
348 2003 401 2078 όιά
425 2013 488 2079 τοῦ
512 2037 572 2080 ao:
593 2007 771 2091 κλίνονται,
796 2003 866 2080 οίον
885 2007 1005 2091 ἔπηλυς
1025 2005 1193 2094 ἐπήλυδος,

82 2125 204 2207 νέηλυς
219 2121 377 2208 νεήλυδος,
388 2122 549 2215 (σημαίνει
563 2120 669 2197 &nav
681 2120 798 2220 ξένον.)
824 2123 943 2196 Ταῦτα
955 2121 1025 2220 γάρ
1042 2125 1098 2196 οόκ
1114 2126 1195 2196 εἰσὶν
1208 2145 1242 2207 15

83 2239 163 2312 ἀπὸ
180 2243 296 2312 ἁπλῶν
312 2242 355 2318 είς
371 2270 411 2312 ππ
426 2239 599 2334 ληγόντων
614 2240 849 2324 αυυτεθειμίνα,
866 2239 944 2312 ἁλλ’
963 2238 1031 2311 ἀπὸ
1047 2244 1194 2338 ῥήματος

84 2363 155 2428 τοῦ
171 2356 290 2428 ἔλεόθω
305 2361 366 2428 τοῦ
381 2356 597 2440 σημαίνοντος
612 2353 655 2430 τά
672 2356 910 2455 παραγίνομαι.
941 2355 1078 2428 Τοιίτωυ
1095 2355 1194 2434 οὕτως

84 2472 240 2571 ἐχόντων
255 2469 418 2556 ἐμάθομεν
434 2473 488 2545 ὅτι
505 2471 551 2546 τά
568 2475 611 2552 είς
628 2503 667 2546 πα
688 2481 849 2568 μονογενῆ
865 2470 908 2544 τά
926 2503 945 2544 π
962 2469 1195 2571 φυλάττουσιν

88 2589 149 2662 ἐπὶ
162 2597 222 2672 τῆς
235 2597 367 2682 γενικῆς.
399 2587 669 2682 [Σε]σημειοῶται
687 2591 706 2660 ὁ
722 2588 871 2686 τεχνικός
886 2588 929 2662 τό
945 2598 1050 2687 πῆχυς
1067 2593 1194 2687 πήχεως

89 2706 149 2778 καί
173 2705 306 2782 πέλεκυς
330 2703 494 2790 πελίκεως,
512 2707 552 2782 ῶς
575 2706 620 2790 μῆ
643 2702 798 2803 φυλάξον
813 2703 857 2778 τά
878 2735 908 2778 π.
960 2706 1031 2777 Καὶ
1055 2707 1148 2798 λε’γει
1173 2707 1242 2775 ὁεο

92 2819 300 2919 Ἡρωδιανὸς
316 2820 370 2892 ότι
387 2823 513 2918 πήχυος
528 2821 580 2892 καί
597 2823 750 2898 πελίκυος
765 2819 851 2893 κατά
868 2821 1064 2894 ἀκολουθίαν
1079 2820 1193 2918 ῶσπερ

93 2938 223 3036 βότρυς
246 2936 399 3034 βότρυος,
416 2937 469 3008 καί
493 2937 603 3022 ἐπειδή
623 2935 668 3011 τά
693 2933 960 3024 μεταβάλλοντα
975 2933 1020 3010 τὸ
1037 2969 1056 3008 ο
1074 2935 1194 3009 'Am-

92 3061 156 3135 κῶς
173 3058 216 3133 είς
231 3053 275 3128 τό
291 3085 324 3138 α,
336 3053 488 3138 δηλονότι
502 3053 588 3127 κατὰ
601 3055 661 3138 τῆν
673 3054 809 3148 γενικήν,
820 3051 1074 3150 ήναγκάσθησαν
1086 3054 1138 3126 καὶ
1150 3053 1194 3128 τὸ

93 3171 328 3271 παρ(αλ)ῆγον
343 3177 467 3270 φωνῆεν
483 3173 526 3250 είς
544 3201 564 3242 ιι
579 3163 854 3260 μεταβάλλειν,’ὁ
881 3169 915 3242 δὲ
936 3171 1042 3266 λόγος
1058 3172 1111 3242 ε’πί
1129 3177 1195 3244 τῶν

93 3289 348 3386 καθαρευόντων,
365 3286 434 3361 οἷον
454 3286 591 3373 μάντιας
610 3287 763 3374 μάντεως,
779 3289 857 3386 ὄφις
873 3288 989 3386 ὄφεως,
1006 3285 1087 3366 λαός
1104 3289 1194 3374 λεῶς,
1206 3319 1220 3358 2
1224 3315 1241 3377 5

95 3405 270 3483 Μενέλαος
286 3404 465 3488 Μενέλεως,
483 3405 612 3484 εἰκότως
627 3405 679 3476 καί
696 3404 739 3478 τό
756 3408 881 3501 πήχυος
896 3405 949 3475 καί
966 3405 1129 3486 πελίκυος,
1146 3405 1196 3474 ε’κ-

94 3523 250 3596 τείνοντα
265 3519 317 3594 τό·
328 3553 347 3592 ο
365 3523 408 3600 είς
423 3517 468 3593 τὸ
484 3553 505 3594 ιι
529 3521 693 3602 Ἀττικῶς
709 3522 863 3606 δηλονότι
879 3521 965 3594 κατὰ
981 3522 1042 3604 τήν
1058 3522 1194 3614 γενικήν,

93 3635 350 3733 ήναγκάσθησαν
373 3637 426 3709 καί
450 3635 493 3710 τό
517 3647 718 3737 παραλῆγον
739 3645 865 3739 φωνῆεν
885 3636 1016 3737 τρέψαι
1042 3640 1085 3716 εἰς
1101 3636 1144 3711 τό
1163 3667 1194 3722 ιι,

94 3754 149 3826 καί
172 3754 324 3847 γενέσθαι
347 3757 475 3851 πήχεως
496 3755 549 3826 καί
571 3756 728 3834 πελίκωνς
745 3755 796 3828 διὰ
817 3763 880 3830 τοῦ
897 3787 917 3828 α
933 3755 986 3828 καί
1004 3785 1037 3826 α.
1090 3752 1140 3825 Εἰ
1161 3752 1196 3826 δι’

94 3901 162 3942 που
177 3871 318 3969 εὑρήσεις
334 3874 457 3968 πήχεος
477 3871 529 3944 καί
552 3873 703 3952 πελέκεας
720 3871 772 3945 διὰ
794 3880 857 3946 ποῶ
873 3905 904 3958 ο,
922 3877 1023 3968 γνῶθι
1047 3871 1101 3944 ότι
1125 3869 1243 3951 άπά30

95 3993 158 4060 τοῦ
173 3990 300 4084 πήχεως
315 3986 368 4058 καί
385 3986 540 4066 πελέκεως
555 3995 618 4061 τοῦ
633 3987 686 4060 διὰ
703 3995 765 4062 ταῶ
780 4019 802 4062 ο
820 3990 982 4084 γεγόνασι
1001 3993 1125 4087 πήχεος
1141 3989 1194 4060 καί

96 4103 248 4180 πελέκεας
263 4101 316 4174 διὰ
335 4109 398 4175 τοῦ
412 4135 445 4188 Ἰο,
462 4102 548 4177 κατὰ
570 4106 740 4190 συστολήν
755 4112 817 4180 ποῶ
833 4137 854 4180 α
872 4109 915 4184 είς
930 4105 973 4179 τό
991 4139 1022 4179 ο.
1074 4105 1195 4202 Πρόσ-

96 4251 197 4294 κειται
223 4221 275 4291 “ὁ
301 4218 335 4291 δὲ
358 4221 465 4315 λόγος
487 4219 542 4293 ἐπὶ
567 4228 632 4294 τῶν
654 4223 915 4322 καθαραιόντωυ”
932 4221 984 4295 διὰ
1008 4227 1071 4296 ταῶ
1093 4221 1194 4302 κάλος

95 4333 211 4422 κάλως,
232 4337 392 4433 (σημαίνει
419 4336 453 4409 δὲ
477 4336 520 4410 τά
545 4340 721 4437 σχοινίον,)
745 4341 798 4413 καί
823 4338 940 4418 Τάλος
955 4336 1086 4424 Τάλως,
1104 4339 1192 4429 (ἔστι

98 4452 137 4526 δὲ,
155 4455 259 4543 ὄνομα
282 4457 415 4552 κόριον)
441 4463 548 4529 ταῦτα
565 4453 634 4554 γὰρ
650 4451 802 4553 ἔτρεψαν
817 4455 861 4529 τὸ
879 4487 898 4527 ο
916 4458 959 4532 είς
974 4452 1017 4526 τά
1034 4484 1056 4528 ο
1073 4453 1239 4534 ’Am-35

612 4589 637 4632 α
652 4567 674 4632 h
