2966 5014
414 333 480 394 ΕΙΣ
501 333 558 394 m
580 332 877 396 ONOMATIKON.
1135 345 1192 412 191

82 497 160 572 οἷον
178 500 197 570 δ
217 496 326 598 Πάρις
342 497 368 571 ιδ
384 496 488 598 Πάρι,
509 498 681 578 δἈδωνις
703 498 879 584 δἈδωνι,
898 502 916 583 »5
934 497 1035 578 θέτις
1059 499 1085 572 ιδ
1102 498 1195 584 θέτι,

82 621 103 698 »5
124 615 257 712 Κύπρις
279 615 306 686 ιδ
327 615 450 710 Κύπρι,
468 619 487 699 »5
507 617 607 694 πόλις
623 616 753 699 ιδπόλι,
771 615 814 688 τδ
832 613 900 712 γάρ
918 615 1093 712 ὁμόφωνον
1108 614 1197 687 Ἀτ·

82 730 218 804 τικδνά
238 728 348 829 Πάρις
363 730 390 804 ιδ
407 729 527 830 Πάρις.
570 732 618 803 Oa*
634 731 703 830 γάρ
719 731 876 804 Ἀττικοί
902 728 964 808 τάς
980 728 1082 808 ούτάς
1100 732 1197 828 ἕχον-

84 878 143 918 σιν
170 843 271 944 ὀρθάς
294 847 347 917 κοί
369 845 532 931 κλητικδς,
551 845 620 920 οἷον
644 849 663 919 δ
690 846 777 926 Αίος
799 850 825 918 ιδ
848 846 947 930 Αίας,
967 847 986 918 ὁ
1009 847 1148 945 κοχλίας
1169 845 1197 920 ὦ

84 963 241 1059 κοχλίας.
1204 979 1221 1042 5

137 1075 190 1144 'H
225 1077 328 1147 ιύθεῖα
370 1079 435 1146 τῶν
472 1072 581 1148 δνΐιιῶν
612 1076 661 1148 τιδ
696 1072 828 1175 Πάριδι
865 1085 939 1148 τοῖν
974 1073 1137 1175 Πορίδοιν
1170 1074 1196 1148 ιδ

87 1187 232 1288 Πάριδι.

136 1305 189 1375 Ἡ
206 1307 310 1378 εύθιῖα
325 1311 391 1377 τῶν
407 1311 630 1390 πληθυντικῶν
647 1309 681 1379 οἶ
696 1303 841 1406 Πάριδος
863 1313 929 1380 τῶν
952 1307 1108 1406 Πορίδιον
1122 1319 1195 1386 τοῖς

88 1418 252 1522 Πάρισιν.
284 1421 417 1494 Ἰστέον
434 1422 489 1494 ὅτι
506 1424 644 1496 ἐνταῦθα
662 1423 699 1494 ού
715 1421 845 1495 δύναται
863 1425 881 1506 »5
899 1421 1010 1507 δοτικῆ
1027 1429 1093 1496 τῶν
1109 1431 1195 1507 πλη·

18 1549 34 1593 ¹
51 1551 73 1594 ὃ
90 1543 244 1610 θυντικῶν
259 1535 328 1608 άπδ
344 1545 403 1620 τῆς
420 1538 540 1615 εύθείας
558 1545 623 1610 τῶν
639 1539 744 1610 ἑνικῶν
760 1535 985 1638 κονονίζεσθοι
1010 1544 1059 1631 τῷ
1086 1539 1194 1612 κανόνι
1208 1571 1243 1612 ιο

88 1659 141 1744 τῷ
163 1653 312 1746 λέγοντι,
330 1653 384 1725 ὅτι
410 1657 537 1724 “mica
562 1655 665 1726 εύθεΐο
690 1655 795 1726 ἑνικῶν
821 1656 863 1732 εἰς
890 1683 909 1724 ι
933 1658 1086 1748 λῆγονσο
1108 1652 1194 1739 μετά

88 1772 218 1866 μακρᾶς
250 1767 571 1867 περιττοσνλλάβως
599 1769 768 1853 κλινομένη
803 1768 857 1840 καὶ
890 1768 935 1853 μὴ
967 1770 1194 1866 σννοιρουμένη

89 1881 178 1955 κατά
202 1885 263 1968 τὴν
288 1887 413 1978 γενικὴν
438 1885 618 1983 προσθέσει
644 1891 706 1957 τοῦ
731 1915 743 1956 ι
769 1894 860 1956 ποιεῖ
885 1885 946 1968 τὴν
971 1882 1101 1968 δοτικὴν
1129 1890 1196 1958 τῶν

90 2005 345 2092 πληθυντικῶν,”
362 2001 470 2085 ἐπειδὴ
487 2003 542 2074 ούκ
558 2002 632 2074 ἔστι
648 1998 734 2084 μετὰ
750 2003 876 2098 μακράς
891 2002 1039 2073 ἐνταῦθα·
1065 1998 1108 2072 τδ
1126 1998 1195 2098 γάρ

92 2147 104 2188 1
131 2118 393 2202 συνεσταλμένον
417 2117 519 2190 ἐστίν·
545 2113 637 2188 ιἰλλά
662 2113 864 2216 κονονίζετοι
889 2115 958 2188 άπὸ
983 2125 1043 2200 τῆς
1068 2115 1218 2201 δοτικῆςι
1224 2148 1241 2210 5

90 2237 158 2304 τῶν
174 2233 291 2319 ἑνικῶν,
307 2238 419 2330 τροπῇ
436 2239 499 2304 τοῦ
515 2263 534 2303 Δ
552 2235 594 2310 εἷς
610 2230 653 2305 τδ
672 2263 701 2317 ι,
718 2238 767 2324 τῷ
784 2233 890 2304 κανόνι
910 2237 960 2324 τῷ
981 2231 1136 2330 λεχθέντι
1162 2232 1195 2303 έν
1279 2241 1284 2248 ’

90 2355 132 2442 τῇ
151 2348 306 2445 περὶτοῦ
321 2346 408 2424 Αἵος
424 2346 630 2440 διδασκαλίᾳ,
648 2348 736 2431 ἧνίκο
759 2347 915 2446 περὶτοῦ
936 2345 1014 2419 ποδί
1032 2348 1116 2420 ποσί
1133 2345 1196 2419 διε-

91 2461 252 2552 λάβομεν,
278 2463 297 2547 ἢ
322 2463 504 2562 προσθέσει
529 2464 582 2534 καὶ
607 2469 669 2536 τοῦ
697 2493 715 2536 x
740 2464 793 2536 κοί
818 2463 980 2558 ἀποβολῇ
1004 2469 1067 2535 τοῦ
1091 2469 1195 2556 Δ,τῷ

93 2579 198 2650 κανόνι
216 2585 264 2670 τῷ
279 2579 434 2676 λεχθέντι
459 2580 492 2649 έν
508 2585 552 2674 τῇ
567 2580 643 2678 περὶ
660 2585 723 2651 τοῦ
739 2579 968 2664 Δημοσθένους
985 2577 1193 2673 διδασκαλία.

95 2694 184 2772 Τοὺς
202 2691 352 2791 Πάριδος
368 2692 394 2765 ιδ
410 2689 555 2791 Πάριδος
571 2693 707 2791 είρητοι.
1205 2729 1243 2770 αο

475 2904 597 2979 Κιςδιι
617 2905 756 2980 n‘.-'O
774 2905 858 2980 δοιι.

143 3038 275 3112 Ἰστέον
299 3039 352 3112 ὅτι
378 3036 423 3111 τὰ
449 3041 492 3116 είς
517 3069 561 3110 nx
586 3037 830 3138 προσηγορικὰ,
845 3040 892 3124 μὴ
915 3039 996 3112 ὄντα
1019 3041 1195 3138 παρώνυμα

96 3155 176 3241 μηδὲ
196 3151 504 3252 μοκροκοτάληκτο,
532 3153 583 3226 διὰ
608 3159 753 3254 κοθοροῦ
781 3161 843 3226 τοῦ
867 3186 907 3227 oz
931 3158 1108 3239 κλίνονται,
1126 3153 1196 3228 οίον

97 3274 175 3370 ὄφις
200 3273 308 3368 ὄφιος,
338 3272 407 3367 ἔχις
432 3270 531 3366 έχιος,
561 3270 661 3348 πόσις
690 3271 820 3355 πόσιος,
849 3270 962 3360 (πόσις
991 3270 1026 3342 δὲ
1054 3272 1147 3343 ἐστὶν
1175 3271 1195 3341 ὁ

97 3389 202 3484 ἆνίηρ,)
223 3383 339 3470 μάντις
362 3381 508 3470 μάντιος.
554 3383 796 3483 Προσηγορικά
820 3385 952 3468 εἴπομεν
975 3383 1020 3456 τά
1044 3386 1088 3469 μὴ
1115 3387 1195 3457 ὄντα
1207 3409 1244 3470 25

98 3505 198 3600 κύρια,
215 3503 281 3574 ε’ίτε
300 3497 532 3598 προσηγορικά
554 3503 635 3573 εἰσιν
652 3502 718 3572 ε’ίπε
738 3501 887 3586 ι’πίθετο,
901 3503 941 3577 ὡς
958 3500 1012 3570 ἐπὶ
1035 3505 1097 3570 τοῦ
1119 3499 1198 3596 ὄφις

98 3616 211 3703 μάντις
235 3617 335 3694 πόσις
359 3616 411 3687 καί
436 3621 503 3688 τῶν
528 3617 656 3700 ὁμοίων·
687 3622 792 3688 τοῦτο
814 3613 848 3687 δὲ
870 3613 941 3685 εἶπε
963 3611 1015 3686 διδ
1032 3611 1078 3686 τά
1095 3615 1197 3711 κύρια,

99 3731 166 3805 οίον
183 3730 234 3805 διδ
251 3731 295 3805 τά
313 3730 423 3831 Πάρις
440 3731 589 3830 Πάριδος
605 3733 658 3804 κοί
675 3729 720 3804 τά
738 3732 849 3815 ὅμοια.
897 3730 1104 3829 Πρόσκειτοι
1123 3742 1143 3772 “
1153 3730 1198 3814 μίη

100 3851 178 3920 ὄντα
194 3850 369 3944 παράνομα
385 3843 704 3946 μοκροκατάληκτο”
726 3843 777 3916 διὰ
794 3842 837 3917 τδ
855 3845 959 3938 γύννις
976 3843 1120 3938 γύννιδος
1145 3844 1197 3915 κοί

98 3959 214 4060 λάτρις
238 3960 397 4060 λάτριδος
421 3963 474 4034 κοί
500 3960 576 4039 εδνις
599 3959 725 4038 εὔνιδος·
752 3965 860 4031 τοῦτο
885 3960 921 4030 ού
945 3959 1111 4030 κλίνονται
1145 3955 1248 4038 διδςο

100 4081 241 4174 κοθοροιῖ
260 4085 322 4150 τοῦ
335 4108 375 4150 οι
390 4076 481 4150 ιἰλλδ
499 4077 551 4150 διὰ
569 4084 633 4150 τοῦ
648 4106 721 4162 κον,
738 4075 847 4161 ε’πειδίη
859 4078 911 4150 κοί
929 4080 1105 4175 ποριίιννμο
1123 4077 1198 4160 εἶσί,

101 4191 150 4262 κοί
163 4189 231 4288 γάρ
248 4189 317 4263 άπδ
334 4189 503 4277 ὀνομάτων
516 4194 680 4288 ἐγένοντο,
693 4193 746 4264 κοί
762 4190 1083 4292 μοκροποράληκτο,
1101 4197 1201 4286 ἤγουν

100 4303 223 4402 μακρὰν
239 4308 353 4404 ἔχουσι
370 4309 431 4392 τὴν
447 4313 720 4406 παραλήγουσαν.
747 4305 801 4380 Τδ
817 4306 958 4406 μὲνγὰρ
976 4308 1080 4402 γύννις
1097 4309 1202 4402 γύννι-

102 4418 153 4496 δος
174 4420 265 4517 παρά
288 4421 331 4495 τδ
355 4424 553 4522 γννῆιέστιν,
570 4421 639 4496 άτδ
657 4421 726 4522 γάρ
750 4429 813 4495 τοῦ
835 4423 913 4517 γυνίη
939 4423 1071 4516 ἐγένετο
1097 4423 1202 4516 γύννις
