2954 5024
1440 60 1446 121 ι

264 227 330 292 ιιι
560 211 1078 275 νοοςςιοςκοινοοονκον
1365 198 1446 291 τις

263 384 324 469 τήν
340 385 475 480 γενικήν,
493 381 563 456 οίον
580 382 710 466 Πηλεύς
731 381 880 468 Πηλέως,
901 381 1044 481 Ἀτρεύς
1066 379 1232 480 Ἀτρέως,
1256 383 1315 456 br}
1337 379 1364 455 ίὲ

261 505 330 573 τῶν
353 501 496 599 ἑχόντων
520 498 589 597 πρῶ
612 504 675 572 τοῦ
702 529 722 570 ι
747 503 873 596 φωνῆεν
897 499 1024 592 γίνεται
1049 503 1167 597 κρᾶσις
1190 497 1286 570 κατὰ
1314 501 1367 582 τήν

262 617 398 710 γενικήν,
428 613 499 688 οἷον
524 613 713 714 Ἐρετριεὺς
746 613 942 713 Ἐρετριέως
974 613 1166 713 Ἐρετριῶς,
1197 614 1368 712 Πειραιεύς

262 731 441 828 Πειραιέως
477 731 649 830 Πειραιῶς,
689 731 854 829 Στειριεύς
892 730 1065 826 Στειριέως
1103 731 1277 827 Στειριῶς·
1321 735 1370 802 καὶ

262 847 352 920 ὐιατί
375 849 429 918 έπί
453 855 520 921 τῶν
540 852 583 925 είς
601 879 660 920 ττι
676 853 743 920 τῶν
758 848 903 944 ε’χύντων
919 845 987 946 πρὸ
1010 853 1073 918 τοῦ
1094 877 1114 918 α
1131 852 1260 944 φωνῆεν
1278 863 1391 940 γοα-5

260 964 355 1050 μένης
369 961 512 1061 κρᾶσεως
528 963 614 1049 κατὰ
629 965 690 1047 τῆν
707 964 842 1056 γενικήν,
861 961 930 1034 ἆπύ
954 969 1021 1035 τῶν
1045 963 1215 1034 Ἀττικῶν
1239 972 1372 1056 γενικῶν

260 1081 394 1174 ίγένετο
420 1085 438 1164 ή
461 1084 575 1178 κρᾶσις
597 1081 650 1150 καί
676 1082 731 1150 οὐκ
756 1077 826 1151 ὐπὸ
850 1087 917 1152 τῶν
940 1085 1061 1162 κοινῶν,
1086 1077 1157 1151 οἷον
1180 1080 1373 1178 Ἐρετριεὺς

261 1195 457 1296 Ἐρετριέως
479 1196 670 1293 Ἐρετριῶς,
688 1195 858 1293 Πειραιεύς
879 1195 1057 1294 Πειραιέως
1074 1195 1252 1294 Πειραιῶς,
1270 1198 1374 1270 Στει-

261 1314 345 1413 ριεύς
362 1313 534 1409 Στειριέως
556 1313 724 1410 Στειριῶς·
758 1311 826 1384 ι’ὐού
848 1309 918 1410 γὰρ
940 1314 1080 1384 ἐνταῦθα
1105 1311 1175 1384 ἆπύ
1198 1323 1260 1396 τῆς
1284 1315 1375 1387 Ἀτ

261 1436 353 1511 τικῆς
368 1435 491 1520 γενικῆς
508 1427 640 1520 ἐγένετο
657 1431 677 1510 ή
692 1429 817 1523 κρῦσις,
835 1429 921 1524 φημί
939 1427 977 1511 δή
994 1436 1054 1510 τῆς
1071 1425 1123 1498 διὰ
1139 1435 1203 1500 τοῦ
1226 1459 1247 1501 ε
1262 1431 1322 1501 καί
1338 1461 1372 1512 ιι,
1384 1451 1419 1490 ¹0

264 1539 384 1616 διὸκαὶ
401 1546 445 1621 είς
461 1573 504 1614 οι
521 1543 653 1636 ἐγένετο
677 1547 695 1626 ή
719 1547 834 1640 κρᾶσις
857 1551 917 1627 τῆς
938 1553 1072 1638 γενικῆς,
1088 1542 1132 1615 τῦ
1148 1541 1219 1642 γὰρ
1237 1575 1258 1616 ις
1273 1547 1331 1616 καί
1348 1577 1371 1617 ο

262 1663 306 1739 είς
321 1659 365 1734 πύ
382 1691 404 1732 ο
421 1663 581 1758 κιρνᾶται,
599 1657 668 1730 οἷον
684 1659 784 1730 ποιέω
800 1663 895 1741 ποιῶ,
916 1660 992 1730 νοέω
1018 1665 1090 1731 νοῶ.
1141 1659 1192 1732 Εἰ
1207 1659 1278 1758 γὰρ
1296 1663 1373 1754 κ’γέ-

263 1808 338 1850 νετο
355 1774 424 1848 ὐπό
440 1784 500 1859 τῆς
515 1783 619 1857 κοινῆς
636 1777 795 1867 γενικῆςή
812 1777 936 1872 κρᾶσις,
954 1774 1041 1872 φημί
1059 1774 1097 1858 δή
1113 1783 1173 1858 τῆς
1189 1775 1244 1848 διὰ
1263 1783 1330 1848 τοῦ
1349 1807 1370 1848 ι

262 1893 315 1964 καί
342 1923 372 1976 ο,
395 1894 438 1969 είς
452 1923 519 1992 ,οτι
542 1892 679 1976 ἔμελλεν
704 1889 782 1963 εἶναι
808 1894 827 1974 ή
853 1895 971 1984 γενική·
999 1888 1043 1963 τῦ
1065 1889 1134 1989 γίιρ
1158 1923 1178 1962 ιι
1200 1893 1256 1964 καί
1278 1925 1301 1964 ο
1326 1897 1370 1970 είς

262 2125 405 2218 εὐγενέος
422 2125 574 2216 εὐγενοῦς,
592 2122 742 2210 εὐσεβέος
758 2124 919 2210 εὐσεβοῦς.

312 2239 383 2310 Καί
408 2239 500 2332 λέγει
524 2241 543 2310 ὁ
566 2236 769 2335 Ἠρωύιονός
791 2241 913 2323 τούτην
933 2240 994 2323 τήν
1011 2241 1213 2332 ἀπολογίαν·
1237 2240 1298 2312 ὅτι
1311 2241 1368 2311 &ri

260 2359 328 2426 τῶν
343 2357 386 2432 είς
404 2383 448 2424 uz
463 2361 530 2426 τῶν
547 2351 598 2425 ὐιᾶ
616 2361 677 2426 τοῦ
694 2385 717 2426 n
735 2357 955 2454 γραφομένων
976 2358 1103 2450 γίνεται
1129 2360 1245 2454 κρᾶσις
1267 2359 1302 2428 έν
1325 2365 1369 2452 τῆ

261 2473 380 2562 γενικῆ,
397 2467 505 2550 ἐπειδή
521 2467 565 2540 τὰ
583 2472 627 2547 είς
644 2501 687 2541 ux
703 2475 855 2565 λήγοντα
872 2475 1040 2571 πεφύκοσι
1062 2475 1115 2545 καὶ
1139 2484 1371 2572 περιττοσυλ-

260 2579 375 2672 λιίβως
406 2585 573 2658 κλίνεσθαι
606 2588 659 2658 καί
693 2586 939 2677 ι’σοσυλλιίβως,
970 2587 1040 2660 οίον
1071 2590 1174 2678 λέβης
1207 2589 1367 2677 λέβητος,
1380 2615 1417 2654 ²0

261 2696 384 2798 Λάχης
421 2698 594 2798 Λάχητος,
628 2701 764 2800 Χρύσης
800 2703 949 2802 Χρύσου,
983 2705 1146 2803 Ὀρέστης
1180 2705 1367 2802 Ὀρέστου·

259 2817 392 2912 ἔχουσιν
417 2815 471 2889 οῦν
492 2819 530 2888 τί
552 2821 761 2902 μιμήσασθαι
786 2817 832 2892 τὰ
857 2823 901 2897 είς
925 2851 968 2892 nx
990 2822 1231 2919 συναιροῦμενα,
1257 2854 1368 2894 συναι-

258 2931 397 3027 ρούμενα
431 2930 500 3029 γὰρ
533 2939 707 3016 μιμοῦνται
741 2935 801 3018 τήν
835 2939 1066 3024 ι’σοσύλλαβον
1098 2938 1219 3024 κλίσιν,
1250 2940 1370 3022 Δημο-

259 3043 373 3128 σθένης
391 3044 459 3145 γὰρ
477 3048 706 3132 Δημοσθένους
723 3049 967 3140 ι’σοσυλλιίβως,
984 3053 1097 3151 ῶσπερ
1120 3055 1173 3124 καί
1199 3055 1367 3148 Ὀρέστης

261 2006 323 2090 τήν
341 2037 380 2080 or
393 2006 587 2106 δίφθογγον
602 2007 779 2104 κίρνανται,
792 2007 862 2078 οῖον
879 2006 1107 2090 Δημοσθένεος
1124 2009 1370 2091 Δημοσθένους,
1383 2029 1416 2088 ¹5

1460 3071 1461 3126 ί

1460 3143 1461 3176 ί

259 3157 434 3258 Ὀρέστου·
461 3161 506 3234 τὰ
524 3162 558 3235 δὲ
574 3167 617 3242 είς
633 3195 672 3236 ἰς
693 3170 845 3259 λήγοντα
870 3169 922 3240 καὶ
947 3167 993 3241 τὰ
1019 3171 1062 3248 είς
1084 3199 1155 3252 m,
1178 3171 1289 3255 ἐπειδή
1313 3173 1413 3256 ῦείι5
1460 3177 1461 3218 3

258 3277 425 3374 πεφύκασι
451 3280 774 3371 περιπτοσυλλᾶβως
799 3285 978 3368 κλίνεσθοι,
1005 3283 1075 3357 οἷον
1098 3285 1204 3383 ταχύς
1228 3290 1364 3386 παχέος,
1460 3343 1461 3402 γ

257 3391 333 3490 ὐξῦς
359 3392 462 3490 ὀξέος,
490 3395 620 3480 Πηλεύς
648 3396 790 3482 Πηλέος,
818 3397 957 3498 Ἀτρεύς
985 3401 1137 3500 Ἀτρέος,
1165 3403 1297 3482 εὐκόπως
1326 3409 1366 3476 οὐ
1460 3415 1461 3488 ζ

256 3629 476 3709 μιμήσασθαι,
495 3627 566 3698 οὐδὲ
583 3626 651 3726 γὰρ
667 3629 834 3702 κλίνονται
853 3629 1098 3722 ι’σοσυλλύβως,
1117 3634 1171 3705 ἵνα
1193 3639 1364 3733 συναιρού-
1460 3657 1461 3698 ί

256 3769 336 3822 μενα
361 3743 568 3824 μιμήσονται
589 3744 649 3826 τήν
669 3747 901 3835 ι’σοσύλλοβον
916 3750 1035 3820 κλίσιν.
1087 3749 1206 3822 Ταῦτα
1232 3749 1322 3824 εἶπεν
1342 3757 1410 3835 ὁ3ο

259 3853 473 3952 Ἡρωδιανὸς,
490 3858 542 3927 καί
569 3862 694 3932 πολλοὶ
720 3867 786 3932 τῶν
810 3863 975 3946 ἐπισήμων
997 3863 1200 3937 ὐιύοσκᾶλων
1223 3868 1364 3942 ἀκολου-

259 3974 353 4042 θοῦσι
387 3971 490 4064 ταύτρ
524 3978 567 4066 τῆ
602 3974 786 4069 ἀπολογίᾳ·
827 3982 914 4061 ήμεῖς
948 3977 982 4050 δέ
1015 3981 1244 4066 ε’νειντιούμεθα
1278 3983 1363 4080 πρὸς
1460 4037 1461 4062 ι

257 3517 481 3607 συναιροῦντας
504 3513 538 3583 έν
557 3518 600 3606 τῆ
623 3517 741 3608 γενικῆ,
759 3518 990 3614 συνοιρούμενα
1014 3516 1082 3615 γὰρ
1105 3519 1162 3589 οὐκ
1185 3519 1301 3615 έχουσι
1327 3523 1366 3593 τί

257 4093 365 4160 ταῦτα
388 4086 640 4169 ἆκολουθοῦντες
662 4099 705 4184 τῆ
729 4091 875 4184 ἆληθείᾳ,
898 4096 950 4166 καὶ
976 4096 1130 4188 λέγομεν,
1147 4097 1202 4168 ὅτι
1225 4104 1362 4196 πρῶτον

256 4200 315 4286 μέν
339 4201 384 4275 τὰ
412 4206 455 4281 είς
480 4234 519 4276 τω
543 4211 695 4299 λήγοντα
722 4211 923 4307 εὑρίσκονται
955 4209 1119 4288 πολλάκις
1142 4213 1196 4282 καί
1224 4216 1362 4286 ίσοσυλ-

254 4316 370 4408 λα’βως
385 4322 568 4408 κλινόμενα,
585 4325 625 4399 ὡς
646 4324 700 4394 ε’πί
720 4329 786 4397 τῶν
803 4329 845 4403 είς
862 4355 902 4398 vx
919 4329 1188 4424 ῦποκοριστικῶν,
1205 4329 1225 4398 ὁ
1243 4331 1399 4416 Διονῦςςς
