2966 5014
24 257 58 322 ι’.
408 229 475 327 ιιι
496 266 552 328 το
574 265 866 329 οΝοιιΑτικοΝ.
1128 283 1187 351 143

68 437 153 502 τῶν
180 432 302 530 κυρίων,
323 435 364 511 ὡς
381 431 491 532 Πάρις
508 432 682 532 Πάριδος.)
719 433 807 509 Ἔτι
833 437 1048 520 σεσημείωται
1073 436 1124 508 καί
1145 435 1188 510 τά

69 545 229 645 Βάβρης
269 545 463 646 Βάβρητος,
496 551 549 622 καί
582 549 625 624 τά
660 548 799 651 Φάγρης
839 549 1030 650 Φάγρητος,
1060 553 1113 624 καί
1143 551 1187 625 τά

69 661 233 755 Μάγνης
265 662 460 758 Μάγνητος,
495 665 584 758 (ἔστι
619 665 654 738 δὲ
687 667 790 751 ὄνομα
823 669 929 765 κύριον
966 670 1018 740 καί
1051 667 1186 742 ἕθνικάν.

24 765 231 871 ι’Μάγνης
241 775 310 876 γάρ
344 780 482 874 λέγεται
507 783 527 851 ὁ
557 783 698 865 πολίτης
723 791 782 866 τῆς
805 783 1033 876 Μαγνησίας,)
1060 782 1113 853 καί
1141 782 1186 854 τὸ

59 892 195 985 Ἴγνης
210 892 378 987 Ἴγνητος,
401 893 520 967 καίτδ
547 893 672 979 Μάσης
695 893 872 980 Μάσητος,
895 897 947 968 καί
977 895 1020 970 τά
1051 895 1211 996 Πάρνης5

67 1005 274 1106 Πάρνητος,
289 1008 342 1080 καί
366 1007 409 1082 τά
431 1008 559 1094 Μένδης
585 1010 767 1098 Μένδητος,
784 1011 836 1083 καί
861 1011 904 1086 τά
928 1013 1044 1108 γλοίης
1068 1015 1186 1108 γλοίη-

66 1155 149 1208 τος,
175 1123 335 1214 (σημαίνει
357 1123 392 1196 δὲ
412 1123 472 1198 τάν
487 1130 654 1224 κοκοήθη,)
677 1128 730 1199 καί
746 1126 789 1200 τά
806 1130 933 1223 πλήρης
949 1131 1105 1227 πλήρους,
1130 1129 1183 1200 καί

66 1239 117 1311 τὸ
138 1239 257 1337 Ἀρης
273 1241 410 1340 Ἀρεος.
446 1241 517 1314 Καὶ
530 1240 573 1314 τὸ
590 1241 649 1327 μὲν
661 1241 767 1326 Νοίης
790 1241 939 1326 Ναίητος
951 1242 1004 1313 καί
1016 1239 1061 1314 τά
1072 1244 1184 1341 κούρης

68 1357 240 1453 κούρητας
263 1357 395 1454 ἔχουσιν
414 1357 604 1451 ιἰπολογίαν
628 1358 792 1442 τοιαύτην,
810 1358 865 1431 ὅτι
891 1355 965 1442 νάης
990 1355 1106 1442 νάητος
1129 1357 1183 1429 καί

69 1471 180 1568 κόρης
200 1471 339 1568 κάρητος
361 1473 408 1557 ήυ,
434 1473 487 1544 καί
509 1479 560 1566 τῷ
580 1472 675 1569 λύγῳ
698 1479 764 1546 τῶν
786 1475 945 1562 ίαμβικῶυ
969 1471 1021 1545 διὰ
1038 1479 1101 1545 τοῦ
1122 1499 1231 1546 mono

69 1587 262 1672 ἕκλίνοντο,
278 1587 331 1658 καί
348 1587 529 1660 ε’πλεύνασε
552 1586 670 1673 τὸμὲν
688 1587 761 1673 νάης
776 1587 819 1661 τδ
838 1619 849 1660 ι
867 1589 919 1659 καί
937 1589 1070 1682 ἐγένετο
1087 1589 1181 1672 ναίης,

70 1697 118 1773 τὸ
138 1699 179 1772 δὲ
193 1701 289 1799 κάρης
303 1699 347 1776 τά
363 1733 383 1774 ς
399 1705 453 1774 καί
469 1702 601 1797 ἐγένετο
617 1705 740 1800 κούρης,
753 1703 806 1774 καί
823 1701 994 1801 ἐφύλαξαν
1009 1704 1070 1786 τήν
1084 1703 1183 1785 αὐτήν

68 1817 202 1890 κλίσιν.
220 1817 371 1914 Ἔχουσι
390 1817 424 1890 δὲ
440 1817 492 1889 καί
505 1817 611 1902 ἄλλην
627 1819 818 1912 ιἰπολογίαν
833 1815 878 1892 τά
896 1825 1046 1902 τοιαῦτα,
1064 1816 1107 1890 τά
1123 1817 1182 1902 μίν

70 1935 203 2030 κούρης,
220 1932 275 2005 ὅτι
297 1931 342 2006 τά
360 1936 403 2013 εἷς
424 1963 486 2005 m
503 1937 655 2027 λήγοντα
673 1933 862 2022 δισύλλαβα
884 1943 927 2030 τῇ
945 1966 983 2006 οτ
1000 1933 1182 2032 διφθόγγῳ

70 2049 340 2146 παραληγάμενα
357 2047 409 2121 διά
426 2055 489 2121 τοῦ
509 2079 569 2121 τοι
594 2051 770 2132 κλίνονται,
788 2048 857 2120 οίον
873 2050 992 2145 μούρης
1008 2050 1180 2144 μούρητος,
1193 2072 1228 2134 15

72 2162 193 2262 δούρης
209 2163 373 2263 δούρητος,
391 2163 491 2244 οὕτως
508 2163 562 2236 ούυ
577 2166 629 2235 καί
646 2165 758 2262 κούρης
772 2164 937 2261 κούρητας.
965 2161 1052 2260 Περί
1070 2161 1104 2234 δὲ
1119 2169 1181 2234 τοῦ

72 2278 186 2364 Νοίης
203 2280 352 2365 Νοίητος
361 2282 453 2353 ἔστιν
470 2283 580 2366 εἰπεῖν,
593 2280 647 2352 ὅτι
664 2275 828 2356 πολλάκις
841 2283 859 2361 ή
872 2307 906 2349 ιι
920 2277 972 2348 καὶ
986 2307 1019 2347 οι
1035 2275 1181 2374 δίφθογ-

75 2425 135 2488 γοι
168 2397 242 2468 ιἰντί
271 2405 375 2480 κοινῆς
403 2393 737 2494 παραλαμβάνονται,
769 2396 844 2468 ὅθεν
872 2394 925 2466 καί
954 2394 1081 2465 τούτων
1113 2397 1179 2464 τῶν

76 2511 280 2610 διφθάγγιον
303 2511 357 2584 ἐπί
382 2513 497 2590 πίλους
522 2514 625 2584 ούσῶν
658 2509 821 2590 πολλάκις
850 2506 1137 2608 προπαροξύνεται
1161 2512 1179 2591 ή

76 2626 178 2722 λέξις,
197 2628 267 2699 οίον
281 2627 416 2711 Ῥόδιοι,
428 2628 585 2727 ’Όμηροη
602 2624 737 2723 ἅμαξαι,
751 2624 880 2696 ἄελλαι.
907 2625 976 2694 Καὶ
997 2622 1088 2720 παρά
1108 2635 1180 2702 τοῖς
1192 2653 1228 2692 ιο

76 2754 230 2828 ποιητοῖς
256 2743 290 2815 δὲ
311 2742 474 2822 πολλάκις
497 2749 515 2828 ή
539 2775 573 2818 ιι
596 2744 648 2814 καί
675 2745 693 2825 ή
718 2771 751 2813 οι
776 2739 964 2838 δίφθογγοι
982 2739 1055 2810 άντί
1076 2746 1180 2821 κοιυῆς

76 2857 412 2956 παραλαμβάνονται,
438 2869 497 2944 τῆς
528 2867 631 2942 κοινῆς
657 2858 701 2942 μή
731 2851 978 2955 άπαρτιζαύσης
1009 2855 1053 2932 εἷς
1081 2853 1179 2952 μέρος

77 2974 196 3068 λόγου,
213 2977 253 3052 ὡς
269 2974 362 3074 παρὰ
379 2975 547 3072 Θεοκρίτῳ
569 2981 637 3064 [11,
657 2977 724 3062 18.]

281 3093 388 3164 ὑψηλᾶι
400 3091 427 3150 ίς
439 3094 536 3148 πόντον
549 3093 617 3164 ύρόν
629 3089 698 3146 άιιδε
708 3091 817 3144 τοιαῦτα

78 3201 128 3272 καί
147 3200 240 3300 παρά
259 3200 438 3300 Μενάνδρῳ

281 3321 307 3376 οί
320 3323 467 3391 τηλικοῦτοι
480 3319 522 3374 καί
535 3319 648 3374 τοιοῦτοι
661 3319 698 3393 τῷ
709 3316 788 3390 γένει,

80 3428 129 3500 καί
147 3426 241 3527 παρά
257 3437 307 3524 τῷ
322 3435 444 3525 ποιητῇ
465 3435 522 3520 [ΙΙ.
540 3426 587 3500 π’.
605 3428 695 3521 α35.]

281 3549 326 3602 σοί
339 3545 438 3603 ναίουσ’
454 3547 597 3619 ὑποφῆται,
611 3541 792 3610 άνιπτύποδκς,
805 3543 964 3612 χαμαιεῦναι.

80 3653 212 3729 Τούτου
229 3655 282 3729 ούν
298 3656 396 3756 χάριν
411 3657 454 3731 τά
473 3657 590 3744 Νοίης,
607 3658 647 3733 ὡς
662 3657 742 3752 ἕχον
763 3653 823 3736 τήν
846 3683 880 3724 ιι
896 3651 1089 3750 δίφθογγον
1106 3651 1179 3724 άντί

79 3781 190 3856 κοινῆς,
206 3779 255 3864 τῷ
271 3773 366 3867 λόγῳ
379 3779 444 3845 τῶν
461 3773 618 3860 ιάμβικῶν
634 3771 758 3853 ε’κλίθη·
776 3768 886 3858 τούτῳ
897 3772 946 3860 τῷ
963 3768 1059 3862 λόγῳ
1076 3767 1111 3840 δὲ
1126 3769 1178 3840 καὶ
1190 3795 1228 3852 30

80 3886 118 3960 τί
136 3889 253 3982 γλοίης
275 3889 434 3982 γλοίητος
458 3885 631 3981 ἐπάγεται,
647 3886 716 3982 ἔχει
740 3881 809 3982 γάρ
835 3884 895 3966 τήν
915 3913 948 3954 οι
974 3881 1178 3982 δίφθογγον,

80 3999 156 4086 ήτις,
174 4006 214 4080 ὡς
231 4003 367 4102 εἴρηται,
393 3999 556 4080 πολλάκις
572 4003 646 4073 ἀντὶ
663 4008 766 4083 κοινῆς
782 3995 1098 4097 παραλαμβάνεται.
1124 3995 1178 4068 Τὸ

82 4114 112 4188 δὲ
134 4117 268 4201 Ὄπλης
287 4117 477 4200 Ὅπλητος,
507 4117 558 4188 καί
586 4117 716 4215 Τίγρης
746 4115 931 4213 Τίγρητος,
958 4115 1011 4184 καί
1039 4109 1179 4209 Βάβρης

82 4227 269 4329 Βάβρητος,
286 4232 339 4304 καί
361 4228 499 4328 Φάγρης
523 4229 716 4329 Φάγρητας,
733 4230 785 4302 καί
813 4225 957 4321 Μάγνης
983 4225 1179 4320 Μάγνητος,

84 4347 132 4418 καί
151 4347 267 4441 Ἴγνης
290 4347 458 4441 Ἴγνητος,
480 4349 612 4445 ἔχουσιν
632 4345 764 4444 ἄφωνον
790 4342 859 4443 πρὸ
876 4341 1102 4429 άμσταθάλου,
1129 4341 1181 4414 καί
1191 4371 1227 4430 35
