2954 5020
312 337 354 404 74
601 319 805 381 ΓΕΩΡΓΙΟΎ
826 318 1120 381 ΧΟΙΡΟΒΟΣΚΟΥ
1431 317 1451 378 K

312 493 381 566 οίον
399 491 508 564 Κίκων
525 489 676 567 Κίκονας.
707 490 769 560 Δεῖ
784 475 989 588 προσθεῖναι,
1006 489 1060 560 καί
1077 489 1177 588 χωρίς
1193 493 1257 561 τοῦ
1273 488 1424 572 Μέμνων

313 610 497 694 Μέμνονος,
511 603 634 679 ἐθνικῶν
651 601 719 700 γόρ
745 605 831 690 ἔστι,
847 605 900 676 καί
923 604 1009 688 ὅμως
1033 605 1149 703 τρέπει
1174 603 1217 677 τδ
1235 635 1257 677 α
1276 608 1324 684 εἰς
1342 605 1388 678 τὸ
1405 637 1424 676 α

313 727 346 797 έν
361 729 405 818 τῇ
424 729 541 818 γενικῇ.

365 839 420 911 Τὰ
452 843 494 917 εἰς
520 869 565 910 nu
590 837 794 926 δισύλλαβα,
816 839 940 934 ἔχοντα
962 836 1017 910 δύο
1041 839 1203 936 σύμφωνα
1227 835 1319 908 κατὰ
1344 839 1426 908 σύλ-

314 956 434 1052 ληψιν,
451 957 495 1041 μή
519 957 599 1027 ὅντα
623 956 810 1052 παρώνυμα,
832 954 994 1051 τρέπουσι
1021 951 1064 1025 τδ
1095 983 1116 1024 ο
1143 956 1187 1030 είς
1210 952 1253 1025 τό
1274 985 1295 1024 ο
1325 955 1361 1024 έν
1380 961 1447 1048 τῇ5

315 1079 434 1167 γενικῇ,
460 1071 529 1143 οίον
553 1071 675 1143 τέκτων
695 1070 859 1151 τέκτονος,
885 1065 938 1138 διὰ
965 1066 1009 1140 τὰ
1037 1067 1092 1140 δύο
1122 1069 1295 1165 σύμφωνα,
1323 1068 1424 1152 Ιίδμων

314 1187 454 1273 ίδμονος,
473 1187 506 1276 (ὁ
531 1185 710 1284 ἔμπειρος)
733 1181 895 1282 φράδμων
913 1183 946 1273 (ὁ
973 1180 1131 1278 συνετός,)
1154 1184 1324 1282 πρόφρων
1341 1184 1424 1280 πρό-

316 1307 452 1401 φρονος,
467 1302 500 1393 (ὁ
514 1302 709 1400 πρόθυμος,)
723 1299 840 1399 ἄφρων
853 1298 1014 1396 ἄφρονος,
1031 1297 1139 1384 ἄκμων
1155 1297 1307 1382 ἄκμονος,
1324 1301 1423 1384 Μέμ·

317 1451 375 1491 νων
392 1419 575 1502 Μέμνονος.
627 1417 834 1516 Πρόσκειται
854 1424 875 1456 “
885 1416 929 1499 μή
956 1415 1038 1488 ὄντα
1063 1417 1271 1514 παριύνυμα,”
1299 1415 1356 1487 διδι
1382 1413 1422 1487 τό

315 1535 451 1633 Ἀβριδν
479 1533 659 1632 Ἀβρῶνος,
686 1535 761 1605 ἔστι
792 1531 826 1603 δὲ
854 1533 956 1614 ὄνομα
983 1531 1101 1628 κύριον,
1130 1535 1235 1602 τοῦτο
1260 1529 1335 1630 γὰρ
1362 1537 1469 1628 φιν-ιο

315 1649 436 1723 λόττει
453 1648 495 1722 τδ
514 1681 548 1738 α,
565 1648 655 1721 ἀλλὰ
673 1647 866 1746 παρόνυμόν
883 1648 958 1718 ἔστι
975 1645 1067 1745 παρὰ
1084 1644 1127 1719 τδ
1145 1648 1264 1746 όβρός.

367 1765 423 1839 Τὰ
452 1769 495 1845 είς
522 1797 566 1839 nn
595 1770 747 1859 λήγοντα
777 1765 929 1847 σύνθετα,
952 1762 1019 1834 είτε
1044 1764 1214 1860 βαρύτονα
1239 1765 1333 1848 ῶσιν,
1358 1765 1425 1836 εἴτε

314 1880 468 1976 όξύτονα,
495 1883 562 1953 ε’ίτε
595 1883 837 1977 περισπώμενα,
867 1880 928 1962 τήν
960 1885 1026 1950 τῶν
1059 1883 1175 1950 ἁπλῶν
1205 1878 1422 1978 φυλάττουσι

318 1999 436 2080 κλίσιν,
455 1995 524 2068 οίον
540 1997 631 2094 χθῶν
648 1993 777 2094 χθονός,
788 1996 975 2091 Ιἐνοσίχθων
991 1996 1210 2092 ε’νοσίχθονος,
1229 1995 1262 2086 (ὁ
1279 1998 1345 2078 τήν
1362 2005 1424 2089 γῆν

317 2117 432 2208 κινῶν,)
443 2111 584 2196 Μέμνων
595 2111 1008 2204 Μίμνονος,Ἀγαμέμνων
1019 2110 1278 2203 Ἀγαμέμνονος,
1296 2113 1422 2184 τέκτων
1434 2141 1443 2180 ι
1449 2143 1464 2198 5

316 2230 479 2311 τέκτονος,
509 2227 712 2325 ἀρχιτέκτων
737 2227 981 2326 ἆρχιτέκτονος,
1006 2227 1110 2323 γέρων
1140 2227 1313 2324 γέροντος,
1337 2230 1425 2309 αἱμο-

318 2346 423 2441 γέρων
448 2345 688 2440 ιύμογέροντος,
707 2343 825 2415 Μέδων
849 2341 1033 2424 Μέδοντος,
1051 2341 1249 2426 Αὐτομέδων
1265 2341 1424 2425 Αύτομέ-

318 2458 443 2542 δοντος,
477 2458 581 2555 χιτιδν
613 2465 761 2554 χιτῶνος,
801 2458 1016 2556 χαλκοχίτων
1049 2458 1310 2554 χαλκοχίτωνας,
1347 2458 1424 2529 αι’ῶν

319 2576 439 2656 αι’ῶνος,
465 2575 573 2644 εύαίων
604 2574 757 2657 εύαίωνος,
793 2576 894 2672 θύρων
921 2574 1067 2671 θύρωνας,
1094 2575 1265 2671 προθύρου
1298 2575 1425 2674 προθύ-

315 2719 426 2787 ρωνος,
457 2688 573 2761 κοιτῶν
599 2694 760 2772 κοιτῶνος,
788 2689 973 2788 τροκοίτων
1001 2690 1231 2786 προκοίτωνος,
1259 2689 1465 2774 δαιτύμωνια

317 2804 518 2891 δαιτύμονος,
546 2806 793 2904 φιλοδαιτύμων
820 2804 1108 2902 φιλοδαιτύμονας,
1135 2803 1291 2902 Ξενοφῶν
1324 2806 1424 2882 Ξενο-

318 2926 459 3018 φῶντος,
487 2922 721 3021 φιλοξενόφων
748 2920 1053 3020 φιλοξενύφωντος,
1089 2921 1261 2994 Ποσειδῶν
1295 2922 1423 2997 Ποσει-

317 3035 425 3120 δῶνος,
442 3039 682 3120 μισοποσείδων
699 3038 986 3124 μισοποσείδωνος.

370 3145 426 3218 Τὰ
444 3152 487 3227 εἷς
504 3180 569 3222 νον
595 3156 747 3244 λήγοντα
769 3155 939 3251 βαρύτονα
965 3151 1017 3224 διὰ
1038 3159 1099 3224 τοῦ
1116 3183 1137 3224 n
1157 3154 1337 3237 κλίνονται,
1355 3152 1423 3228 οἷον

320 3262 436 3352 ι’ίμβων
463 3263 624 3353 ἄμβωνας,
648 3266 808 3367 στρόβων
830 3267 1035 3366 στρόβωνος,
1062 3269 1206 3368 σκρίβων
1230 3271 1462 3367 σκρίβανος,ι5

316 3381 474 3469 στίλβων
491 3384 686 3472 στίλβωνος,
704 3387 830 3482 τρίβων
845 3385 1017 3484 τρίβωνος.

371 3495 429 3568 Τὰ
455 3501 497 3577 είς
525 3529 590 3570 που
624 3504 777 3593 λήγοντα
811 3498 1003 3588 δισύλλαβα
1029 3501 1200 3597 βαρύτονα
1229 3499 1282 3572 διὰ
1309 3510 1374 3574 τοῦ
1401 3535 1421 3575 α

316 3612 497 3697 κλίνονται,
531 3612 600 3686 οἷον
632 3619 745 3707 λήγων
776 3618 934 3707 λήγωνος,
967 3617 1080 3709 πύγιον
1111 3619 1270 3710 πύγωνος,
1304 3621 1423 3714 Αἴγων

321 3725 474 3816 Αἴγωνος
501 3727 589 3816 (ἔστι
618 3728 651 3799 δὲ
677 3731 779 3814 ὄνομα
800 3732 933 3828 κύριον),
956 3733 1083 3828 τρίγων
1106 3733 1277 3831 τρίγωνος,
1296 3733 1423 3830 Μέγαν

322 3837 493 3930 Μέγωνος,
511 3841 652 3934 Φλέγων
672 3845 856 3936 Φλέγωνος,
882 3847 992 3930 ε’κλίθη
1019 3846 1175 3940 δέγοντος
1198 3848 1248 3940 (δέ
1270 3849 1466 3946 Φλέγον-30

317 3958 395 4048 τος)
413 3958 452 4032 ὡς
467 3958 656 4054 μετοχικόν’
682 3961 756 4057 περί
773 3963 815 4030 ῶν
829 3959 969 4059 ὕστερον
985 3964 1127 4060 ἐροῦμεν.

373 4068 428 4142 Τὰ
446 4073 489 4148 εἶς
506 4101 571 4144 που
587 4078 739 4167 λήγοντα
761 4075 841 4173 ὑπὲρ
868 4075 922 4148 δύο
944 4075 1129 4165 συλλαβὰς,
1147 4079 1213 4152 εἴτε
1234 4081 1423 4177 βαρυτόνως

322 4185 507 4284 ἐκφέρεται,
535 4187 602 4258 ε’ίτε
628 4186 798 4284 ὀξυτόνως,
820 4195 928 4276 α’πλᾶ,
954 4189 1006 4262 διδ
1033 4199 1095 4265 τοῦ
1124 4225 1145 4266 α
1171 4195 1329 4279 κλίνεται,
1355 4195 1422 4269 οἷον

323 4300 471 4400 Ἐριγιδν
486 4301 678 4400 Ἐριγῶνος,
697 4305 843 4399 Σαλγῶν
861 4305 1054 4401 Σαλγῶνος,
1072 4309 1161 4401 (ἔστι
1180 4309 1215 4381 δὲ
1231 4311 1336 4397 ὄνομα
1363 4343 1423 4384 πο-

239 4439 280 4526 63
295 4425 456 4516 αταμοῦ,)
470 4420 592 4518 ἆρίγων
605 4421 764 4518 ἆρίγωνος
775 4423 862 4512 (ἔστι
883 4419 918 4492 δέ
930 4420 1012 4500 είδος
1026 4423 1193 4521 δόρατος.)
1203 4423 1247 4498 τό
1265 4425 1469 4522 πελόγωνςς
