2966 5014
389 281 457 340 ιιιυ
478 281 535 341 το
557 279 851 342 οιιοιικτικου.
1112 273 1173 362 133

75 450 143 541 γῦη,
166 449 186 520 ά
214 452 291 543 γόης
315 456 378 522 ποῦ
402 451 491 542 γόου.
527 449 612 541 (Καί
637 451 698 542 γύη
719 447 776 532 μὲν
793 447 862 546 γάρ
879 447 972 520 έστίν
988 451 1006 530 ή
1024 455 1078 540 γῆ,
1097 449 1175 541 γόης

75 564 106 636 δὲ
129 567 230 662 μέρος
255 566 427 663 ἀρότρου.)
462 563 669 662 Πρόσκειται
694 575 714 606 “
727 565 915 660 βαρόπονα”
933 561 985 634 διὰ
1010 561 1053 635 τδ
1077 564 1173 660 τάχη,

75 680 227 778 Εὐτυχής
250 680 431 777 Εὐτυχοῦς,
457 679 545 771 (ἔστι
570 679 605 751 δὲ
629 681 731 763 ὄνομα
757 682 889 776 κόριον)
919 685 1024 751 τοῦτο
1046 677 1114 776 γὰρ
1132 682 1175 756 εἰς

75 826 129 866 αττ
153 800 224 893 ἔχει
251 799 310 880 τήν
336 796 470 888 γενικήν,
496 795 573 866 ἀλλ’
598 797 653 865 οὐκ
678 795 753 865 ἔστι
778 794 973 891 βαρύτουον,
999 795 1076 865 ἀλλ’
1102 792 1176 888 ὀξά-

75 941 178 982 πουου.
232 909 357 994 Μηδεὶς
382 910 417 982 δὲ
444 912 562 983 οἰέσθω
588 916 692 981 τοῦτο
717 910 803 1006 ἔχειν
828 907 1007 1008 οὐδέτερον·
1037 908 1079 981 τά
1106 907 1173 1007 γάρ
1184 934 1201 996 5

75 1025 202 1122 εὐτυχὲς
233 1025 267 1096 ε’κ
300 1033 362 1098 τοῦ
393 1028 527 1124 εὐτυχής
555 1032 618 1097 τοῦ
650 1026 803 1096 ἐπιθέτου
829 1025 931 1109 ε’σπιν,
958 1028 995 1096 οὐ
1026 1025 1088 1109 μήν
1114 1031 1176 1096 τοῦ

76 1143 188 1236 κυρίου.
243 1141 414 1214 Οὐδέποτε
431 1141 499 1240 γὰρ
517 1145 593 1214 οὐτε
612 1139 657 1212 πά
680 1141 770 1239 κύρια
788 1143 865 1212 οὐτε
878 1139 925 1212 τά
942 1140 1175 1238 προσηγορικὰ

76 1265 223 1328 ποιοῦσιν
257 1255 427 1356 οὐδετέρου
459 1257 801 1354 παρασχηματισμόν.
854 1255 1061 1354 Πρόσκειται
1096 1265 1118 1297 “
1130 1258 1175 1341 μή

76 1373 195 1468 ἔχοντα
223 1371 392 1469 οὐδέτερον
417 1377 459 1450 εἰς
485 1375 556 1456 ns,”
579 1370 630 1443 διά
655 1371 699 1444 τδ
725 1373 795 1457 ἆκή,
818 1377 972 1456 πανυήκης
995 1377 1175 1456 πανυήκους.

79 1487 188 1562 Τοῦτο
207 1487 278 1588 γάρ
295 1489 479 1586 βαρῦνονόυ
495 1489 580 1568 ἐστι,
597 1487 649 1557 καί
667 1487 752 1570 ὅμως
768 1491 811 1565 εἰς
834 1517 894 1560 οτι
916 1489 984 1585 ἔχει
1010 1490 1069 1571 τήν
1092 1517 1177 1582 γενι·
1190 1523 1226 1564 ιο

78 1606 139 1690 κήυ,
156 1607 237 1676 ἀλλ’
256 1607 323 1702 ἔχει
342 1603 510 1700 οὐδέτερον
528 1606 570 1679 εἰς
587 1633 637 1685 αι,
656 1599 725 1674 οἷον
748 1607 802 1696 [ΙΙ.
820 1603 867 1676 π’.
880 1606 972 1696 473.]

154 1730 279 1801 κανύηκις
292 1729 460 1800 σπασάμενος
473 1729 522 1801 άορ
534 1731 632 1800 παχέος
645 1727 704 1801 παρ’
718 1728 823 1804 Ὀμήρφ
837 1731 919 1803 (παρά
931 1731 1038 1802 μηροῦ).

80 1833 270 1918 Ἐμάθομεν
287 1833 321 1904 δὲ
337 1833 390 1905 ότι
407 1831 452 1903 τὰ
470 1835 513 1909 εἰς
531 1861 574 1902 nx
592 1832 717 1928 ἔχοντα
742 1831 911 1930 οὐδέτερον
928 1837 972 1910 εἰς
989 1863 1040 1918 ιιι,
1057 1837 1100 1911 εἰς
1118 1862 1178 1906 οτι

81 1951 188 2046 ἔχουσι
205 1951 268 2033 τήν
285 1947 420 2042 γενικήν,
436 1947 506 2020 οἰον
523 1950 541 2018 ὁ
560 1949 693 2036 εὐσεβής
711 1955 774 2020 τοῦ
796 1951 948 2037 εὐσεβοῦς
970 1950 1013 2023 τδ
1039 1951 1178 2040 εὐσεβὲς,

82 2067 99 2134 ἰι
118 2067 244 2160 εὐγενής
265 2071 327 2137 τοῦ
348 2063 551 2156 εὐγενοῦςτὸ
569 2063 700 2157 εὐγενὲς,
717 2067 736 2134 ὁ
754 2068 911 2148 κακοήθης
927 2071 990 2136 τοῦ
1005 2071 1179 2148 κακοήθους
1192 2101 1226 2162 ¹5

82 2179 120 2251 τδ
141 2185 304 2265 κακόηθες,
328 2182 347 2251 ὁ
371 2185 497 2278 πλήρης
521 2187 581 2251 τοῦ
606 2185 751 2277 πλήρους
775 2178 819 2252 τὸ
846 2189 981 2280 πλῆρες,
1004 2181 1103 2260 οὕτως
1126 2181 1180 2254 οὐν

84 2299 130 2368 καί
146 2302 302 2381 πανυήκης
319 2301 382 2368 τοῦ
404 2300 575 2379 πανυήκους
596 2295 639 2367 τδ
662 2296 820 2380 τανύηκες.
874 2297 1008 2368 Ἰστὲου
1020 2295 1054 2368 δὲ
1071 2298 1125 2370 ὅτι
1143 2299 1180 2369 οὐ

85 2413 177 2492 μόνον
200 2411 247 2485 τό
272 2413 369 2496 κόμης
393 2411 494 2494 κόμου
523 2413 642 2508 ἔχομεν
666 2413 883 2497 ἀποκείμενον
907 2420 955 2504 τῷ
983 2415 1089 2485 κανόνι
1119 2421 1182 2486 τοῦ

86 2534 243 2622 τεχνικοῦ,
259 2529 311 2598 καί
328 2529 405 2620 γόης
421 2527 510 2619 γόου,
528 2525 761 2615 ἰσοσυλλιίβως
777 2530 942 2612 κλιθέντα,
959 2528 1049 2600 ιἰλλά
1067 2532 1119 2601 καί
1136 2529 1180 2602 τδ

88 2641 206 2739 Γράδης
226 2641 364 2741 Γράδου.
413 2641 501 2714 ’1δού
518 2641 586 2740 γάρ
603 2644 654 2713 καί
677 2643 757 2714 αὐτὸ
780 2647 822 2720 είς
839 2673 881 2714 ιιι
900 2646 972 2716 ε’στι
996 2647 1180 2742 βαρότουον
1192 2681 1230 2721 ιο

88 2757 248 2846 ἰαμβικὸν,
276 2759 321 2842 μή
349 2761 427 2854 ἔχον
454 2759 506 2826 ἐπ’
532 2757 651 2834 εὐθείας
675 2755 717 2828 τὸ
743 2787 773 2842 ν,
798 2758 850 2827 καί
880 2757 964 2840 ὅμως
990 2761 1032 2834 εἰς
1057 2759 1116 2840 τήν
1143 2790 1182 2830 οι·

90 2871 277 2970 δίφθογγον
301 2875 369 2970 ἔχει
394 2871 453 2955 τήν
476 2873 602 2965 γενικήν
624 2876 676 2943 καί
703 2875 758 2943 οὐκ
780 2876 823 2949 εἰς
840 2897 912 2943 που·
935 2873 1008 2944 ἔστι
1027 2871 1182 2946 δὲταῦτα

89 2988 338 3088 πατρωνυμικόν,
356 2987 482 3087 Γράδης
499 2989 567 3086 γὰρ
587 2991 724 3081 λέγεται
751 2991 770 3058 ὁ
796 2988 860 3067 υίδς
881 2995 943 3060 τοῦ
962 2989 992 3058 Γ
991 2993 1045 3086 ρᾶ,
1062 2991 1182 3088 ἔχομεν

91 3102 121 3173 δὲ
140 3105 181 3178 τδ
206 3108 312 3189 ὄνομα
336 3107 369 3176 ἐν
390 3115 461 3181 τοῖς
485 3107 712 3202 προλαβοῦσι,
729 3107 819 3198 λέγω
841 3103 943 3188 δήτὸ
965 3107 984 3175 ό
1009 3105 1098 3203 Γριῖς
1120 3113 1183 3179 τοῦ

92 3219 167 3316 Γρᾶ.
195 3222 308 3293 Ἐστι
327 3219 361 3292 δὲ
377 3222 659 3314 ἀπολογήσασθαι
678 3222 752 3318 περί
770 3228 831 3291 τοῦ
848 3219 984 3319 Γρόδης,
1001 3224 1055 3292 καί
1073 3225 1181 3307 εἰπεῖν,
1194 3257 1229 3316 25

24 3333 79 3405 fl8b
93 3336 139 3406 ότι
156 3339 299 3430 εὐλόγως
312 3339 354 3414 εἰς
363 3337 425 3419 τήν
439 3367 478 3407 ος
492 3335 686 3433 δίφθογγον
701 3337 769 3432 ἔχει
785 3339 845 3420 τήν
858 3341 994 3428 γενικήν.
1021 3337 1183 3408 Καθόλου

94 3450 154 3548 γάρ
170 3453 216 3526 τά
238 3456 281 3529 εἰς
297 3481 362 3522 m
383 3449 622 3548 πατρωνυμικὰ,
644 3452 662 3533 ή
686 3453 793 3522 τόπου
817 3456 1064 3546 πατρωνυμικοῦ
1089 3451 1183 3534 ὄντα,

93 3571 130 3644 εἰς
152 3572 211 3652 τήν
240 3599 278 3640 οτ
303 3568 493 3665 δίφθογγον
522 3569 635 3662 έχουσι
666 3569 725 3650 τήν
755 3572 889 3659 γενικήν.
942 3563 1183 3663 Πατρωυυμικᾶ

93 3683 154 3765 μὲν,
174 3683 243 3756 οἷον
263 3683 437 3780 Ἀτρείδης
456 3681 644 3779 Ἀτρείδου,
661 3681 818 3766 Αἰακίδης
833 3681 1002 3764 Αἰακίδου,
1021 3680 1185 3765 Πηλείδης

97 3795 264 3882 Πηλείδου,
291 3797 474 3896 Πριαμίδης
504 3799 703 3896 Πριαμίδου,
730 3797 937 3896 Λαερτιάδης
963 3795 1183 3896 Λαερτιάδου·
1194 3827 1233 3886 30

97 3917 193 3988 τύκου
215 3916 249 3988 δὲ
274 3921 529 4012 πατρωνυμικοῦ,
552 3911 621 3986 οίον
644 3914 823 4012 Εὐριπίδης
848 3913 1039 4010 Εὐριπίδου,
1066 3913 1187 3983 θουκυ·

100 4029 174 4114 δίδης
191 4029 393 4112 Θουκυδίδου,
410 4027 600 4112 Μιλτιάδης
616 4027 819 4116 Μιλτιάδου,
834 4026 1053 4116 Ἀλκιβιάδης
1068 4027 1187 4097 Ἀλκι·

100 4145 218 4228 βιάδου.
271 4147 390 4235 Τούτῳ
415 4143 468 4216 οῦν
491 4151 541 4236 τῷ
565 4145 660 4238 λόγῳ
685 4144 737 4216 καί
763 4143 805 4216 τό
833 4143 960 4242 Γράδης
990 4141 1120 4240 Γράδου
1145 4144 1188 4218 εἰς

101 4261 154 4342 τήν
170 4293 206 4334 ος
222 4262 415 4360 δίφθογγον
431 4261 498 4358 ἔχει
515 4260 576 4342 τήν
593 4264 728 4353 γενικήν·
754 4257 999 4357 πατρωνυμικόν
1016 4255 1084 4355 γάρ
1101 4257 1187 4342 ἔστι,

103 4373 189 4456 δηλοῖ
205 4379 238 4452 δὲ
253 4378 313 4452 πίιυ
330 4375 396 4449 υἰὸν
411 4381 474 4448 τοῦ
490 4375 574 4471 Γρᾶ.
1197 4391 1233 4451 35
