<?xml version="1.0" encoding="UTF-8"?>
<!DOCTYPE html PUBLIC "-//W3C//DTD XHTML 1.0 Transitional//EN"
    "http://www.w3.org/TR/xhtml1/DTD/xhtml1-transitional.dtd">
<html xmlns="http://www.w3.org/1999/xhtml" xml:lang="en" lang="en">
 <head>
  <title>
</title>
<meta http-equiv="Content-Type" content="text/html;charset=utf-8" />
  <meta name='ocr-system' content='tesseract 3.04.00' />
  <meta name='ocr-capabilities' content='ocr_page ocr_carea ocr_par ocr_line ocrx_word'/>
</head>
<body>
  <div class='ocr_page' id='page_1' title='image "./georgiichoerobo00choegoog_0228.png"; bbox 0 0 2966 5014; ppageno 0'>
   <div class='ocr_carea' id='block_1_1' title="bbox 406 337 1186 416">
    <p class='ocr_par' dir='ltr' id='par_1_1' title="bbox 406 337 1186 416">
     <span class='ocr_line' id='line_1_1' title="bbox 406 337 1186 416; baseline -0.008 -16"><span class='ocrx_word' id='word_1_1' title='bbox 406 339 473 399; x_wconf 68' lang='grc' dir='ltr'>αις</span> <span class='ocrx_word' id='word_1_2' title='bbox 494 339 551 400; x_wconf 82' lang='grc' dir='ltr'>το</span> <span class='ocrx_word' id='word_1_3' title='bbox 573 337 868 400; x_wconf 79' lang='grc' dir='ltr'>οΝοιιιΑτικοΝ.</span> <span class='ocrx_word' id='word_1_4' title='bbox 1120 350 1138 394; x_wconf 67' lang='grc' dir='ltr'>,ι</span> <span class='ocrx_word' id='word_1_5' title='bbox 1143 349 1186 416; x_wconf 85' lang='lat'>59</span> 
     </span>
    </p>
   </div>
   <div class='ocr_carea' id='block_1_2' title="bbox 80 501 1237 2574">
    <p class='ocr_par' dir='ltr' id='par_1_2' title="bbox 80 501 1191 936">
     <span class='ocr_line' id='line_1_2' title="bbox 80 501 1189 605; baseline -0.003 -28"><span class='ocrx_word' id='word_1_6' title='bbox 80 506 250 586; x_wconf 78' lang='grc' dir='ltr'>Ἀττικῆς</span> <span class='ocrx_word' id='word_1_7' title='bbox 275 506 363 581; x_wconf 85' lang='grc' dir='ltr'>κατὰ</span> <span class='ocrx_word' id='word_1_8' title='bbox 388 510 448 592; x_wconf 89' lang='grc' dir='ltr'>τήν</span> <span class='ocrx_word' id='word_1_9' title='bbox 478 511 612 601; x_wconf 86' lang='grc' dir='ltr'>γενικήν·</span> <span class='ocrx_word' id='word_1_10' title='bbox 648 509 688 584; x_wconf 84' lang='grc' dir='ltr'>ὡς</span> <span class='ocrx_word' id='word_1_11' title='bbox 713 505 782 605; x_wconf 80' lang='grc' dir='ltr'>γὰρ</span> <span class='ocrx_word' id='word_1_12' title='bbox 807 505 944 602; x_wconf 83' lang='grc' dir='ltr'>είρητοι,</span> <span class='ocrx_word' id='word_1_13' title='bbox 972 505 1004 576; x_wconf 87' lang='grc' dir='ltr'>οί</span> <span class='ocrx_word' id='word_1_14' title='bbox 1032 501 1189 575; x_wconf 80' lang='grc' dir='ltr'>Ἀττικοί</span> 
     </span>
     <span class='ocr_line' id='line_1_3' title="bbox 80 619 1189 714; baseline -0.002 -22"><span class='ocrx_word' id='word_1_15' title='bbox 80 629 253 701; x_wconf 79' lang='grc' dir='ltr'>ποιοῦντες</span> <span class='ocrx_word' id='word_1_16' title='bbox 279 621 331 696; x_wconf 80' lang='grc' dir='ltr'>διὰ</span> <span class='ocrx_word' id='word_1_17' title='bbox 356 629 419 696; x_wconf 79' lang='grc' dir='ltr'>τοῦ</span> <span class='ocrx_word' id='word_1_18' title='bbox 441 653 461 694; x_wconf 77' lang='grc' dir='ltr'>π</span> <span class='ocrx_word' id='word_1_19' title='bbox 481 623 533 693; x_wconf 78' lang='grc' dir='ltr'>καί</span> <span class='ocrx_word' id='word_1_20' title='bbox 551 652 572 693; x_wconf 89' lang='grc' dir='ltr'>α</span> <span class='ocrx_word' id='word_1_21' title='bbox 589 623 650 706; x_wconf 88' lang='grc' dir='ltr'>τήν</span> <span class='ocrx_word' id='word_1_22' title='bbox 667 622 803 714; x_wconf 84' lang='grc' dir='ltr'>γενικήν,</span> <span class='ocrx_word' id='word_1_23' title='bbox 820 620 878 710; x_wconf 62' lang='grc' dir='ltr'>ιε”ιιί</span> <span class='ocrx_word' id='word_1_24' title='bbox 902 619 981 703; x_wconf 97' lang='grc' dir='ltr'>ὅλης</span> <span class='ocrx_word' id='word_1_25' title='bbox 1005 627 1064 702; x_wconf 92' lang='grc' dir='ltr'>τῆς</span> <span class='ocrx_word' id='word_1_26' title='bbox 1086 649 1189 690; x_wconf 88' lang='grc' dir='ltr'>κατα-</span> 
     </span>
     <span class='ocr_line' id='line_1_4' title="bbox 80 735 1191 833; baseline -0.004 -25"><span class='ocrx_word' id='word_1_27' title='bbox 80 735 204 833; x_wconf 77' lang='grc' dir='ltr'>λήξεως</span> <span class='ocrx_word' id='word_1_28' title='bbox 230 745 334 811; x_wconf 71' lang='grc' dir='ltr'>τοῦτο</span> <span class='ocrx_word' id='word_1_29' title='bbox 360 744 522 823; x_wconf 82' lang='grc' dir='ltr'>ποιοῦσιν,</span> <span class='ocrx_word' id='word_1_30' title='bbox 539 737 592 808; x_wconf 79' lang='grc' dir='ltr'>καί</span> <span class='ocrx_word' id='word_1_31' title='bbox 613 739 668 808; x_wconf 79' lang='grc' dir='ltr'>οὐκ</span> <span class='ocrx_word' id='word_1_32' title='bbox 694 737 750 808; x_wconf 80' lang='grc' dir='ltr'>ίπί</span> <span class='ocrx_word' id='word_1_33' title='bbox 773 767 867 828; x_wconf 89' lang='grc' dir='ltr'>τινων</span> <span class='ocrx_word' id='word_1_34' title='bbox 883 736 941 820; x_wconf 80' lang='grc' dir='ltr'>μὲν</span> <span class='ocrx_word' id='word_1_35' title='bbox 956 741 1116 818; x_wconf 80' lang='grc' dir='ltr'>ποιοῦσιν,</span> <span class='ocrx_word' id='word_1_36' title='bbox 1134 735 1191 806; x_wconf 71' lang='grc' dir='ltr'>ἐπί</span> 
     </span>
     <span class='ocr_line' id='line_1_5' title="bbox 81 851 903 936; baseline -0.001 -12"><span class='ocrx_word' id='word_1_37' title='bbox 81 885 176 926; x_wconf 87' lang='grc' dir='ltr'>τινων</span> <span class='ocrx_word' id='word_1_38' title='bbox 195 853 232 926; x_wconf 81' lang='grc' dir='ltr'>δὲ</span> <span class='ocrx_word' id='word_1_39' title='bbox 249 855 285 926; x_wconf 82' lang='grc' dir='ltr'>οδ</span> <span class='ocrx_word' id='word_1_40' title='bbox 301 861 463 927; x_wconf 82' lang='grc' dir='ltr'>ποιοῦσιν.</span> <span class='ocrx_word' id='word_1_41' title='bbox 503 852 621 925; x_wconf 82' lang='grc' dir='ltr'>Ταῦτα</span> <span class='ocrx_word' id='word_1_42' title='bbox 637 851 696 936; x_wconf 83' lang='grc' dir='ltr'>μὲν</span> <span class='ocrx_word' id='word_1_43' title='bbox 712 854 745 924; x_wconf 79' lang='grc' dir='ltr'>ἕν</span> <span class='ocrx_word' id='word_1_44' title='bbox 760 852 903 930; x_wconf 77' lang='grc' dir='ltr'>τοιίτοις.</span> 
     </span>
    </p>

    <p class='ocr_par' dir='ltr' id='par_1_3' title="bbox 80 965 1237 2574">
     <span class='ocr_line' id='line_1_6' title="bbox 123 965 1215 1070; baseline -0.003 -28"><span class='ocrx_word' id='word_1_45' title='bbox 123 967 254 1065; x_wconf 80' lang='grc' dir='ltr'>Ἀξιον</span> <span class='ocrx_word' id='word_1_46' title='bbox 267 969 301 1042; x_wconf 78' lang='grc' dir='ltr'>δὲ</span> <span class='ocrx_word' id='word_1_47' title='bbox 317 969 392 1041; x_wconf 84' lang='grc' dir='ltr'>ε’στί</span> <span class='ocrx_word' id='word_1_48' title='bbox 410 965 563 1070; x_wconf 80' lang='grc' dir='ltr'>ζητῆσαι,</span> <span class='ocrx_word' id='word_1_49' title='bbox 574 967 626 1042; x_wconf 81' lang='grc' dir='ltr'>διὰ</span> <span class='ocrx_word' id='word_1_50' title='bbox 644 970 742 1041; x_wconf 88' lang='grc' dir='ltr'>ποίαν</span> <span class='ocrx_word' id='word_1_51' title='bbox 759 969 867 1040; x_wconf 83' lang='grc' dir='ltr'>αἰτίαν</span> <span class='ocrx_word' id='word_1_52' title='bbox 879 965 925 1039; x_wconf 79' lang='grc' dir='ltr'>τὰ</span> <span class='ocrx_word' id='word_1_53' title='bbox 943 969 985 1046; x_wconf 84' lang='grc' dir='ltr'>είς</span> <span class='ocrx_word' id='word_1_54' title='bbox 1003 996 1057 1050; x_wconf 74' lang='lat' dir='ltr'>uz,</span> <span class='ocrx_word' id='word_1_55' title='bbox 1076 970 1118 1045; x_wconf 80' lang='grc' dir='ltr'>εἷς</span> <span class='ocrx_word' id='word_1_56' title='bbox 1131 987 1215 1046; x_wconf 77' lang='lat' dir='ltr'>(ms</span> 
     </span>
     <span class='ocr_line' id='line_1_7' title="bbox 80 1081 1188 1182; baseline -0.002 -26"><span class='ocrx_word' id='word_1_57' title='bbox 80 1085 208 1182; x_wconf 77' lang='grc' dir='ltr'>ἔχοντα</span> <span class='ocrx_word' id='word_1_58' title='bbox 231 1085 291 1169; x_wconf 87' lang='grc' dir='ltr'>τῆν</span> <span class='ocrx_word' id='word_1_59' title='bbox 310 1085 446 1179; x_wconf 81' lang='grc' dir='ltr'>γενικήν,</span> <span class='ocrx_word' id='word_1_60' title='bbox 472 1087 509 1156; x_wconf 78' lang='grc' dir='ltr'>οὗ</span> <span class='ocrx_word' id='word_1_61' title='bbox 535 1085 684 1178; x_wconf 82' lang='grc' dir='ltr'>γίνονται</span> <span class='ocrx_word' id='word_1_62' title='bbox 710 1081 762 1155; x_wconf 88' lang='grc' dir='ltr'>διδι</span> <span class='ocrx_word' id='word_1_63' title='bbox 785 1089 848 1155; x_wconf 81' lang='grc' dir='ltr'>τοῦ</span> <span class='ocrx_word' id='word_1_64' title='bbox 874 1112 897 1154; x_wconf 79' lang='grc' dir='ltr'>ιι</span> <span class='ocrx_word' id='word_1_65' title='bbox 920 1082 972 1153; x_wconf 80' lang='grc' dir='ltr'>καί</span> <span class='ocrx_word' id='word_1_66' title='bbox 998 1081 1188 1166; x_wconf 81' lang='grc' dir='ltr'>οἸωνικῶς,</span> 
     </span>
     <span class='ocr_line' id='line_1_8' title="bbox 82 1198 1189 1297; baseline -0.003 -24"><span class='ocrx_word' id='word_1_67' title='bbox 82 1203 151 1275; x_wconf 76' lang='grc' dir='ltr'>οῖον</span> <span class='ocrx_word' id='word_1_68' title='bbox 169 1203 384 1287; x_wconf 80' lang='grc' dir='ltr'>Δημοσθένης</span> <span class='ocrx_word' id='word_1_69' title='bbox 410 1203 651 1286; x_wconf 73' lang='grc' dir='ltr'>Δημοσθένηος,</span> <span class='ocrx_word' id='word_1_70' title='bbox 676 1199 840 1284; x_wconf 91' lang='grc' dir='ltr'>Διομήδης</span> <span class='ocrx_word' id='word_1_71' title='bbox 857 1199 1050 1294; x_wconf 82' lang='grc' dir='ltr'>Διομήδηος,</span> <span class='ocrx_word' id='word_1_72' title='bbox 1076 1198 1189 1297; x_wconf 80' lang='grc' dir='ltr'>ὅσπερ</span> 
     </span>
     <span class='ocr_line' id='line_1_9' title="bbox 83 1313 1190 1414; baseline -0.002 -28"><span class='ocrx_word' id='word_1_73' title='bbox 83 1315 218 1401; x_wconf 77' lang='grc' dir='ltr'>Πηλεὺς</span> <span class='ocrx_word' id='word_1_74' title='bbox 254 1315 401 1402; x_wconf 89' lang='grc' dir='ltr'>Πηλῆος,</span> <span class='ocrx_word' id='word_1_75' title='bbox 434 1317 486 1388; x_wconf 84' lang='grc' dir='ltr'>καί</span> <span class='ocrx_word' id='word_1_76' title='bbox 520 1315 700 1414; x_wconf 79' lang='grc' dir='ltr'>Ἀχιλλεὺς</span> <span class='ocrx_word' id='word_1_77' title='bbox 734 1314 932 1412; x_wconf 74' lang='grc' dir='ltr'>Ἀχιλλῆος.</span> <span class='ocrx_word' id='word_1_78' title='bbox 994 1313 1064 1384; x_wconf 75' lang='grc' dir='ltr'>Καὶ</span> <span class='ocrx_word' id='word_1_79' title='bbox 1097 1315 1190 1385; x_wconf 79' lang='grc' dir='ltr'>ἔστιν</span> 
     </span>
     <span class='ocr_line' id='line_1_10' title="bbox 83 1429 1188 1518; baseline -0.002 -14"><span class='ocrx_word' id='word_1_80' title='bbox 83 1436 183 1506; x_wconf 76' lang='grc' dir='ltr'>εἰπεῖν</span> <span class='ocrx_word' id='word_1_81' title='bbox 211 1435 273 1516; x_wconf 84' lang='grc' dir='ltr'>τῆν</span> <span class='ocrx_word' id='word_1_82' title='bbox 297 1434 406 1505; x_wconf 75' lang='grc' dir='ltr'>αἰτίαν</span> <span class='ocrx_word' id='word_1_83' title='bbox 432 1435 565 1518; x_wconf 69' lang='grc' dir='ltr'>ταύτην·</span> <span class='ocrx_word' id='word_1_84' title='bbox 600 1437 633 1505; x_wconf 80' lang='grc' dir='ltr'>οἱ</span> <span class='ocrx_word' id='word_1_85' title='bbox 657 1433 767 1511; x_wconf 86' lang='grc' dir='ltr'>Ἴωνες</span> <span class='ocrx_word' id='word_1_86' title='bbox 796 1437 964 1510; x_wconf 81' lang='grc' dir='ltr'>ποιοῦντες</span> <span class='ocrx_word' id='word_1_87' title='bbox 993 1429 1045 1504; x_wconf 82' lang='grc' dir='ltr'>διὰ</span> <span class='ocrx_word' id='word_1_88' title='bbox 1075 1437 1137 1503; x_wconf 79' lang='grc' dir='ltr'>τοῦ</span> <span class='ocrx_word' id='word_1_89' title='bbox 1165 1461 1188 1502; x_wconf 79' lang='lat' dir='ltr'><strong>n</strong></span> 
     </span>
     <span class='ocr_line' id='line_1_11' title="bbox 84 1545 1237 1642; baseline -0.004 -24"><span class='ocrx_word' id='word_1_90' title='bbox 84 1548 133 1618; x_wconf 77' lang='grc' dir='ltr'>καί</span> <span class='ocrx_word' id='word_1_91' title='bbox 159 1580 180 1620; x_wconf 95' lang='grc' dir='ltr'>ο</span> <span class='ocrx_word' id='word_1_92' title='bbox 198 1549 260 1632; x_wconf 85' lang='grc' dir='ltr'>τήν</span> <span class='ocrx_word' id='word_1_93' title='bbox 278 1549 402 1642; x_wconf 87' lang='grc' dir='ltr'>γενικήν</span> <span class='ocrx_word' id='word_1_94' title='bbox 419 1549 474 1620; x_wconf 82' lang='grc' dir='ltr'>ε’πί</span> <span class='ocrx_word' id='word_1_95' title='bbox 500 1550 579 1635; x_wconf 88' lang='grc' dir='ltr'>ὅλης</span> <span class='ocrx_word' id='word_1_96' title='bbox 603 1557 662 1634; x_wconf 88' lang='grc' dir='ltr'>τῆς</span> <span class='ocrx_word' id='word_1_97' title='bbox 685 1545 892 1642; x_wconf 84' lang='grc' dir='ltr'>καταλήξεως</span> <span class='ocrx_word' id='word_1_98' title='bbox 915 1553 1019 1620; x_wconf 78' lang='grc' dir='ltr'>τοῦτο</span> <span class='ocrx_word' id='word_1_99' title='bbox 1044 1554 1237 1638; x_wconf 82' lang='grc' dir='ltr'>ποιοῦσι,ιο</span> 
     </span>
     <span class='ocr_line' id='line_1_12' title="bbox 82 1662 1189 1752; baseline 0.003 -20"><span class='ocrx_word' id='word_1_100' title='bbox 82 1663 132 1734; x_wconf 83' lang='grc' dir='ltr'>καί</span> <span class='ocrx_word' id='word_1_101' title='bbox 155 1665 216 1736; x_wconf 80' lang='grc' dir='ltr'>οδκ</span> <span class='ocrx_word' id='word_1_102' title='bbox 232 1664 289 1734; x_wconf 76' lang='grc' dir='ltr'>ἐπί</span> <span class='ocrx_word' id='word_1_103' title='bbox 303 1694 398 1736; x_wconf 92' lang='grc' dir='ltr'>τινων</span> <span class='ocrx_word' id='word_1_104' title='bbox 413 1664 472 1750; x_wconf 80' lang='grc' dir='ltr'>μὲν</span> <span class='ocrx_word' id='word_1_105' title='bbox 488 1671 650 1752; x_wconf 79' lang='grc' dir='ltr'>ποιοῦσιν,</span> <span class='ocrx_word' id='word_1_106' title='bbox 666 1667 723 1738; x_wconf 76' lang='grc' dir='ltr'>ἐπί</span> <span class='ocrx_word' id='word_1_107' title='bbox 737 1695 832 1738; x_wconf 89' lang='grc' dir='ltr'>τινων</span> <span class='ocrx_word' id='word_1_108' title='bbox 845 1662 880 1735; x_wconf 80' lang='grc' dir='ltr'>δὲ</span> <span class='ocrx_word' id='word_1_109' title='bbox 895 1664 932 1734; x_wconf 84' lang='grc' dir='ltr'>οιί</span> <span class='ocrx_word' id='word_1_110' title='bbox 948 1670 1108 1746; x_wconf 79' lang='grc' dir='ltr'>ποιοῦσιν,</span> <span class='ocrx_word' id='word_1_111' title='bbox 1120 1664 1189 1736; x_wconf 70' lang='grc' dir='ltr'>οἷον</span> 
     </span>
     <span class='ocr_line' id='line_1_13' title="bbox 84 1779 1189 1872; baseline -0.001 -22"><span class='ocrx_word' id='word_1_112' title='bbox 84 1780 137 1852; x_wconf 83' lang='grc' dir='ltr'>ε’πί</span> <span class='ocrx_word' id='word_1_113' title='bbox 154 1787 224 1853; x_wconf 77' lang='grc' dir='ltr'>τῶν</span> <span class='ocrx_word' id='word_1_114' title='bbox 240 1781 283 1858; x_wconf 85' lang='grc' dir='ltr'>είς</span> <span class='ocrx_word' id='word_1_115' title='bbox 308 1810 367 1852; x_wconf 68' lang='grc' dir='ltr'>αττ</span> <span class='ocrx_word' id='word_1_116' title='bbox 392 1787 559 1859; x_wconf 81' lang='grc' dir='ltr'>ποιοῦντες</span> <span class='ocrx_word' id='word_1_117' title='bbox 585 1779 637 1853; x_wconf 86' lang='grc' dir='ltr'>διδι</span> <span class='ocrx_word' id='word_1_118' title='bbox 660 1788 722 1854; x_wconf 78' lang='grc' dir='ltr'>τοῦ</span> <span class='ocrx_word' id='word_1_119' title='bbox 748 1811 770 1852; x_wconf 78' lang='grc' dir='ltr'>ιι</span> <span class='ocrx_word' id='word_1_120' title='bbox 795 1780 847 1852; x_wconf 83' lang='grc' dir='ltr'>καί</span> <span class='ocrx_word' id='word_1_121' title='bbox 867 1811 886 1850; x_wconf 96' lang='grc' dir='ltr'>ο</span> <span class='ocrx_word' id='word_1_122' title='bbox 905 1779 965 1862; x_wconf 91' lang='grc' dir='ltr'>τήν</span> <span class='ocrx_word' id='word_1_123' title='bbox 982 1780 1118 1872; x_wconf 84' lang='grc' dir='ltr'>γενικήν,</span> <span class='ocrx_word' id='word_1_124' title='bbox 1135 1780 1189 1850; x_wconf 81' lang='grc' dir='ltr'>ἐπὶ</span> 
     </span>
     <span class='ocr_line' id='line_1_14' title="bbox 85 1893 1190 1992; baseline 0.001 -26"><span class='ocrx_word' id='word_1_125' title='bbox 85 1895 163 1980; x_wconf 88' lang='grc' dir='ltr'>ὅλης</span> <span class='ocrx_word' id='word_1_126' title='bbox 189 1904 250 1979; x_wconf 91' lang='grc' dir='ltr'>τῆς</span> <span class='ocrx_word' id='word_1_127' title='bbox 274 1894 480 1991; x_wconf 85' lang='grc' dir='ltr'>καταλήξεως</span> <span class='ocrx_word' id='word_1_128' title='bbox 505 1904 610 1968; x_wconf 73' lang='grc' dir='ltr'>τοῦτο</span> <span class='ocrx_word' id='word_1_129' title='bbox 636 1903 796 1968; x_wconf 80' lang='grc' dir='ltr'>ποιοῦσιν.</span> <span class='ocrx_word' id='word_1_130' title='bbox 848 1893 935 1967; x_wconf 76' lang='grc' dir='ltr'>Οὐδὲ</span> <span class='ocrx_word' id='word_1_131' title='bbox 959 1893 1027 1992; x_wconf 85' lang='grc' dir='ltr'>γὰρ</span> <span class='ocrx_word' id='word_1_132' title='bbox 1047 1895 1101 1966; x_wconf 78' lang='grc' dir='ltr'>ἐπὶ</span> <span class='ocrx_word' id='word_1_133' title='bbox 1123 1900 1190 1967; x_wconf 79' lang='grc' dir='ltr'>τῶν</span> 
     </span>
     <span class='ocr_line' id='line_1_15' title="bbox 85 2011 1190 2109; baseline 0.003 -29"><span class='ocrx_word' id='word_1_134' title='bbox 85 2013 197 2109; x_wconf 78' lang='grc' dir='ltr'><strong><em>κυρίων</em></strong></span> <span class='ocrx_word' id='word_1_135' title='bbox 214 2018 318 2084; x_wconf 73' lang='grc' dir='ltr'>τοῦτο</span> <span class='ocrx_word' id='word_1_136' title='bbox 334 2017 494 2096; x_wconf 78' lang='grc' dir='ltr'>ποιοῦσιν,</span> <span class='ocrx_word' id='word_1_137' title='bbox 512 2011 566 2083; x_wconf 83' lang='grc' dir='ltr'>ε’πί</span> <span class='ocrx_word' id='word_1_138' title='bbox 584 2011 619 2084; x_wconf 78' lang='grc' dir='ltr'>δὲ</span> <span class='ocrx_word' id='word_1_139' title='bbox 635 2018 700 2084; x_wconf 81' lang='grc' dir='ltr'>τῶν</span> <span class='ocrx_word' id='word_1_140' title='bbox 716 2013 760 2096; x_wconf 87' lang='grc' dir='ltr'>μή</span> <span class='ocrx_word' id='word_1_141' title='bbox 777 2012 879 2084; x_wconf 86' lang='grc' dir='ltr'>ὅντων</span> <span class='ocrx_word' id='word_1_142' title='bbox 895 2012 1007 2108; x_wconf 78' lang='grc' dir='ltr'>κυρίων</span> <span class='ocrx_word' id='word_1_143' title='bbox 1022 2017 1127 2083; x_wconf 81' lang='grc' dir='ltr'>τοῦτο</span> <span class='ocrx_word' id='word_1_144' title='bbox 1153 2013 1190 2083; x_wconf 83' lang='grc' dir='ltr'>οδ</span> 
     </span>
     <span class='ocr_line' id='line_1_16' title="bbox 86 2126 1236 2225; baseline 0 -29"><span class='ocrx_word' id='word_1_145' title='bbox 86 2134 249 2214; x_wconf 83' lang='grc' dir='ltr'>ποιοῦσιν,</span> <span class='ocrx_word' id='word_1_146' title='bbox 267 2129 345 2199; x_wconf 77' lang='grc' dir='ltr'>ἄλλ’</span> <span class='ocrx_word' id='word_1_147' title='bbox 363 2129 418 2200; x_wconf 78' lang='grc' dir='ltr'>ε’τί</span> <span class='ocrx_word' id='word_1_148' title='bbox 436 2127 521 2200; x_wconf 88' lang='grc' dir='ltr'>ὅλων</span> <span class='ocrx_word' id='word_1_149' title='bbox 537 2133 699 2213; x_wconf 78' lang='grc' dir='ltr'>ποιοῦσιν,</span> <span class='ocrx_word' id='word_1_150' title='bbox 718 2127 787 2200; x_wconf 76' lang='grc' dir='ltr'>οἷον</span> <span class='ocrx_word' id='word_1_151' title='bbox 800 2126 980 2224; x_wconf 73' lang='grc' dir='ltr'>Ἀχιλλεὺς</span> <span class='ocrx_word' id='word_1_152' title='bbox 992 2127 1188 2225; x_wconf 74' lang='grc' dir='ltr'>Ἀχιλλῆος,</span> <span class='ocrx_word' id='word_1_153' title='bbox 1202 2155 1236 2214; x_wconf 86' lang='lat'>15</span> 
     </span>
     <span class='ocr_line' id='line_1_17' title="bbox 88 2241 1192 2341; baseline 0 -29"><span class='ocrx_word' id='word_1_154' title='bbox 88 2241 219 2327; x_wconf 78' lang='grc' dir='ltr'>Πηλεὺς</span> <span class='ocrx_word' id='word_1_155' title='bbox 253 2243 399 2328; x_wconf 87' lang='grc' dir='ltr'>Πηλῆος,</span> <span class='ocrx_word' id='word_1_156' title='bbox 433 2244 590 2332; x_wconf 77' lang='grc' dir='ltr'>βασιλεὺς</span> <span class='ocrx_word' id='word_1_157' title='bbox 623 2245 797 2332; x_wconf 78' lang='grc' dir='ltr'>βασιλῆος,</span> <span class='ocrx_word' id='word_1_158' title='bbox 831 2241 927 2341; x_wconf 82' lang='grc' dir='ltr'>ίερεδς</span> <span class='ocrx_word' id='word_1_159' title='bbox 960 2245 1073 2340; x_wconf 80' lang='grc' dir='ltr'>ἱερῆας.</span> <span class='ocrx_word' id='word_1_160' title='bbox 1142 2241 1192 2312; x_wconf 84' lang='grc' dir='ltr'>Εί</span> 
     </span>
     <span class='ocr_line' id='line_1_18' title="bbox 89 2357 1190 2456; baseline 0.002 -28"><span class='ocrx_word' id='word_1_161' title='bbox 89 2357 246 2443; x_wconf 77' lang='grc' dir='ltr'>ἐποίησαν</span> <span class='ocrx_word' id='word_1_162' title='bbox 273 2359 328 2432; x_wconf 79' lang='grc' dir='ltr'>οδν</span> <span class='ocrx_word' id='word_1_163' title='bbox 352 2359 406 2431; x_wconf 76' lang='grc' dir='ltr'>ἐπί</span> <span class='ocrx_word' id='word_1_164' title='bbox 433 2365 498 2432; x_wconf 81' lang='grc' dir='ltr'>τῶν</span> <span class='ocrx_word' id='word_1_165' title='bbox 523 2363 566 2438; x_wconf 84' lang='grc' dir='ltr'>εἷς</span> <span class='ocrx_word' id='word_1_166' title='bbox 595 2389 638 2431; x_wconf 74' lang='lat' dir='ltr'>nt</span> <span class='ocrx_word' id='word_1_167' title='bbox 664 2363 707 2437; x_wconf 83' lang='grc' dir='ltr'>είς</span> <span class='ocrx_word' id='word_1_168' title='bbox 733 2389 789 2430; x_wconf 72' lang='grc' dir='ltr'>ουτ</span> <span class='ocrx_word' id='word_1_169' title='bbox 815 2359 957 2456; x_wconf 74' lang='grc' dir='ltr'>ἐχόντων</span> <span class='ocrx_word' id='word_1_170' title='bbox 979 2359 1040 2442; x_wconf 89' lang='grc' dir='ltr'>τήν</span> <span class='ocrx_word' id='word_1_171' title='bbox 1066 2359 1190 2452; x_wconf 84' lang='grc' dir='ltr'>γενικήν</span> 
     </span>
     <span class='ocr_line' id='line_1_19' title="bbox 89 2471 1190 2574; baseline 0.003 -30"><span class='ocrx_word' id='word_1_172' title='bbox 89 2477 198 2573; x_wconf 88' lang='grc' dir='ltr'>κυρίων</span> <span class='ocrx_word' id='word_1_173' title='bbox 226 2475 277 2548; x_wconf 76' lang='grc' dir='ltr'>διὰ</span> <span class='ocrx_word' id='word_1_174' title='bbox 300 2484 361 2550; x_wconf 80' lang='grc' dir='ltr'>τοῦ</span> <span class='ocrx_word' id='word_1_175' title='bbox 386 2507 409 2550; x_wconf 80' lang='grc' dir='ltr'>ιι</span> <span class='ocrx_word' id='word_1_176' title='bbox 429 2479 482 2548; x_wconf 79' lang='grc' dir='ltr'>καί</span> <span class='ocrx_word' id='word_1_177' title='bbox 508 2507 527 2548; x_wconf 94' lang='grc' dir='ltr'>ο</span> <span class='ocrx_word' id='word_1_178' title='bbox 552 2478 613 2560; x_wconf 86' lang='grc' dir='ltr'>τήν</span> <span class='ocrx_word' id='word_1_179' title='bbox 637 2477 762 2571; x_wconf 86' lang='grc' dir='ltr'>γενικήν</span> <span class='ocrx_word' id='word_1_180' title='bbox 779 2478 813 2548; x_wconf 82' lang='grc' dir='ltr'>οἶ</span> <span class='ocrx_word' id='word_1_181' title='bbox 827 2475 947 2558; x_wconf 83' lang='grc' dir='ltr'>Ἴωνες,</span> <span class='ocrx_word' id='word_1_182' title='bbox 964 2471 1190 2574; x_wconf 74' lang='grc' dir='ltr'>ἠναγκάζοντο</span> 
     </span>
    </p>
   </div>
   <div class='ocr_carea' id='block_1_3' title="bbox 130 2591 327 2618">
    <p class='ocr_par' dir='ltr' id='par_1_4' title="bbox 130 2591 327 2618">
     <span class='ocr_line' id='line_1_20' title="bbox 130 2591 327 2618; baseline 0.005 -2"><span class='ocrx_word' id='word_1_183' title='bbox 130 2591 327 2618; x_wconf 57' lang='lat' dir='ltr'>ms«,</span> 
     </span>
    </p>
   </div>
   <div class='ocr_carea' id='block_1_4' title="bbox 29 2589 1247 4545">
    <p class='ocr_par' dir='ltr' id='par_1_5' title="bbox 29 2589 1247 4545">
     <span class='ocr_line' id='line_1_21' title="bbox 91 2589 1190 2676; baseline 0.004 -18"><span class='ocrx_word' id='word_1_184' title='bbox 91 2619 140 2660; x_wconf 84' lang='grc' dir='ltr'>και</span> <span class='ocrx_word' id='word_1_185' title='bbox 157 2623 213 2662; x_wconf 84' lang='grc' dir='ltr'>επι</span> <span class='ocrx_word' id='word_1_186' title='bbox 230 2623 296 2664; x_wconf 88' lang='grc' dir='ltr'>των</span> <span class='ocrx_word' id='word_1_187' title='bbox 311 2594 468 2664; x_wconf 79' lang='grc' dir='ltr'>επιθιίτων</span> <span class='ocrx_word' id='word_1_188' title='bbox 485 2599 588 2664; x_wconf 76' lang='grc' dir='ltr'>τοῦτο</span> <span class='ocrx_word' id='word_1_189' title='bbox 609 2601 757 2676; x_wconf 86' lang='grc' dir='ltr'>ποιῆσαι,</span> <span class='ocrx_word' id='word_1_190' title='bbox 775 2595 804 2664; x_wconf 81' lang='grc' dir='ltr'>εἰ</span> <span class='ocrx_word' id='word_1_191' title='bbox 825 2589 860 2663; x_wconf 75' lang='grc' dir='ltr'>δὲ</span> <span class='ocrx_word' id='word_1_192' title='bbox 881 2591 1039 2675; x_wconf 79' lang='grc' dir='ltr'>ἐποίησαν</span> <span class='ocrx_word' id='word_1_193' title='bbox 1054 2591 1108 2662; x_wconf 76' lang='grc' dir='ltr'>ἐπί</span> <span class='ocrx_word' id='word_1_194' title='bbox 1125 2595 1190 2662; x_wconf 77' lang='grc' dir='ltr'>τῶν</span> 
     </span>
     <span class='ocr_line' id='line_1_22' title="bbox 92 2703 1239 2808; baseline 0.008 -34"><span class='ocrx_word' id='word_1_195' title='bbox 92 2703 259 2792; x_wconf 75' lang='grc' dir='ltr'>δπιθίτιον,</span> <span class='ocrx_word' id='word_1_196' title='bbox 272 2705 499 2808; x_wconf 70' lang='grc' dir='ltr'>ἠναγκάζοντο</span> <span class='ocrx_word' id='word_1_197' title='bbox 515 2710 568 2779; x_wconf 81' lang='grc' dir='ltr'>καί</span> <span class='ocrx_word' id='word_1_198' title='bbox 585 2708 639 2780; x_wconf 79' lang='grc' dir='ltr'>ἐπὶ</span> <span class='ocrx_word' id='word_1_199' title='bbox 656 2715 723 2780; x_wconf 81' lang='grc' dir='ltr'>τῶν</span> <span class='ocrx_word' id='word_1_200' title='bbox 736 2706 909 2806; x_wconf 71' lang='grc' dir='ltr'>οὐδετέρων</span> <span class='ocrx_word' id='word_1_201' title='bbox 921 2714 1025 2779; x_wconf 80' lang='grc' dir='ltr'>τοῦτο</span> <span class='ocrx_word' id='word_1_202' title='bbox 1042 2716 1189 2789; x_wconf 90' lang='grc' dir='ltr'>ποιῆσαι.</span> <span class='ocrx_word' id='word_1_203' title='bbox 1201 2743 1239 2783; x_wconf 77' lang='grc' dir='ltr'>ιο</span> 
     </span>
     <span class='ocr_line' id='line_1_23' title="bbox 95 2817 1191 2922; baseline 0.005 -34"><span class='ocrx_word' id='word_1_204' title='bbox 95 2817 255 2894; x_wconf 87' lang='grc' dir='ltr'>Καθόλου</span> <span class='ocrx_word' id='word_1_205' title='bbox 282 2820 350 2921; x_wconf 79' lang='grc' dir='ltr'>γάρ</span> <span class='ocrx_word' id='word_1_206' title='bbox 379 2827 446 2895; x_wconf 83' lang='grc' dir='ltr'>πᾶν</span> <span class='ocrx_word' id='word_1_207' title='bbox 476 2823 644 2922; x_wconf 80' lang='grc' dir='ltr'>οιίδέτερον</span> <span class='ocrx_word' id='word_1_208' title='bbox 674 2823 742 2896; x_wconf 86' lang='grc' dir='ltr'>άπδ</span> <span class='ocrx_word' id='word_1_209' title='bbox 776 2824 945 2920; x_wconf 84' lang='grc' dir='ltr'>ἆραενικοῦ</span> <span class='ocrx_word' id='word_1_210' title='bbox 979 2823 1191 2916; x_wconf 75' lang='grc' dir='ltr'>γεγενημένον</span> 
     </span>
     <span class='ocr_line' id='line_1_24' title="bbox 94 2935 1192 3038; baseline 0.005 -32"><span class='ocrx_word' id='word_1_211' title='bbox 94 2935 176 3008; x_wconf 80' lang='grc' dir='ltr'>κατὰ</span> <span class='ocrx_word' id='word_1_212' title='bbox 203 2937 542 3036; x_wconf 85' lang='grc' dir='ltr'>παρασχηματισμδν,</span> <span class='ocrx_word' id='word_1_213' title='bbox 571 2940 632 3022; x_wconf 89' lang='grc' dir='ltr'>τήν</span> <span class='ocrx_word' id='word_1_214' title='bbox 659 2945 725 3012; x_wconf 78' lang='grc' dir='ltr'>τῶν</span> <span class='ocrx_word' id='word_1_215' title='bbox 752 2939 924 3038; x_wconf 82' lang='grc' dir='ltr'>ἆραενικῶν</span> <span class='ocrx_word' id='word_1_216' title='bbox 950 2941 1058 3013; x_wconf 89' lang='grc' dir='ltr'>κλίσιν</span> <span class='ocrx_word' id='word_1_217' title='bbox 1086 2938 1192 3012; x_wconf 78' lang='grc' dir='ltr'>ἐπιδί-</span> 
     </span>
     <span class='ocr_line' id='line_1_25' title="bbox 94 3053 1193 3150; baseline 0.003 -26"><span class='ocrx_word' id='word_1_218' title='bbox 94 3079 187 3146; x_wconf 86' lang='grc' dir='ltr'>χεται</span> <span class='ocrx_word' id='word_1_219' title='bbox 214 3053 267 3124; x_wconf 80' lang='grc' dir='ltr'>καί</span> <span class='ocrx_word' id='word_1_220' title='bbox 291 3054 324 3138; x_wconf 76' lang='grc' dir='ltr'>ἐν</span> <span class='ocrx_word' id='word_1_221' title='bbox 346 3059 388 3148; x_wconf 85' lang='grc' dir='ltr'>τῆ</span> <span class='ocrx_word' id='word_1_222' title='bbox 415 3060 523 3150; x_wconf 86' lang='grc' dir='ltr'>γενικῆ</span> <span class='ocrx_word' id='word_1_223' title='bbox 548 3055 600 3126; x_wconf 80' lang='grc' dir='ltr'>καί</span> <span class='ocrx_word' id='word_1_224' title='bbox 627 3057 659 3126; x_wconf 78' lang='grc' dir='ltr'>ἐν</span> <span class='ocrx_word' id='word_1_225' title='bbox 675 3061 718 3150; x_wconf 84' lang='grc' dir='ltr'>τῆ</span> <span class='ocrx_word' id='word_1_226' title='bbox 743 3053 865 3150; x_wconf 85' lang='grc' dir='ltr'>δοτικῆ,</span> <span class='ocrx_word' id='word_1_227' title='bbox 884 3055 988 3128; x_wconf 75' lang='grc' dir='ltr'>οῖονό</span> <span class='ocrx_word' id='word_1_228' title='bbox 1009 3053 1108 3134; x_wconf 90' lang='grc' dir='ltr'>καλδς</span> <span class='ocrx_word' id='word_1_229' title='bbox 1130 3063 1193 3129; x_wconf 78' lang='grc' dir='ltr'>τοῦ</span> 
     </span>
     <span class='ocr_line' id='line_1_26' title="bbox 29 3168 1193 3270; baseline 0.009 -35"><span class='ocrx_word' id='word_1_230' title='bbox 29 3175 193 3258; x_wconf 69' lang='grc' dir='ltr'>ηθηκαλοῦ</span> <span class='ocrx_word' id='word_1_231' title='bbox 218 3175 268 3260; x_wconf 75' lang='grc' dir='ltr'>τῷ</span> <span class='ocrx_word' id='word_1_232' title='bbox 292 3175 394 3261; x_wconf 76' lang='grc' dir='ltr'>καλῷ,</span> <span class='ocrx_word' id='word_1_233' title='bbox 423 3168 466 3242; x_wconf 88' lang='grc' dir='ltr'>τδ</span> <span class='ocrx_word' id='word_1_234' title='bbox 492 3169 594 3254; x_wconf 81' lang='grc' dir='ltr'>καλὸν</span> <span class='ocrx_word' id='word_1_235' title='bbox 618 3177 681 3243; x_wconf 79' lang='grc' dir='ltr'>τοῦ</span> <span class='ocrx_word' id='word_1_236' title='bbox 709 3178 812 3243; x_wconf 82' lang='grc' dir='ltr'>καλοῦ</span> <span class='ocrx_word' id='word_1_237' title='bbox 836 3178 885 3264; x_wconf 81' lang='grc' dir='ltr'>τῷ</span> <span class='ocrx_word' id='word_1_238' title='bbox 911 3179 1011 3265; x_wconf 77' lang='grc' dir='ltr'>καλῷ,</span> <span class='ocrx_word' id='word_1_239' title='bbox 1036 3174 1055 3243; x_wconf 89' lang='grc' dir='ltr'>ὅ</span> <span class='ocrx_word' id='word_1_240' title='bbox 1081 3171 1193 3270; x_wconf 81' lang='grc' dir='ltr'>σοφὸς</span> 
     </span>
     <span class='ocr_line' id='line_1_27' title="bbox 96 3282 1239 3387; baseline 0.008 -37"><span class='ocrx_word' id='word_1_241' title='bbox 96 3289 155 3353; x_wconf 79' lang='grc' dir='ltr'>τοῦ</span> <span class='ocrx_word' id='word_1_242' title='bbox 170 3288 284 3380; x_wconf 83' lang='grc' dir='ltr'>σοφοῦ</span> <span class='ocrx_word' id='word_1_243' title='bbox 300 3289 350 3375; x_wconf 74' lang='grc' dir='ltr'>τῷ</span> <span class='ocrx_word' id='word_1_244' title='bbox 367 3287 478 3381; x_wconf 79' lang='grc' dir='ltr'>σοφῷ,</span> <span class='ocrx_word' id='word_1_245' title='bbox 495 3285 547 3355; x_wconf 82' lang='grc' dir='ltr'>καί</span> <span class='ocrx_word' id='word_1_246' title='bbox 565 3282 607 3356; x_wconf 87' lang='grc' dir='ltr'>τδ</span> <span class='ocrx_word' id='word_1_247' title='bbox 626 3283 737 3383; x_wconf 87' lang='grc' dir='ltr'>σοφδν</span> <span class='ocrx_word' id='word_1_248' title='bbox 753 3294 815 3358; x_wconf 79' lang='grc' dir='ltr'>τοῦ</span> <span class='ocrx_word' id='word_1_249' title='bbox 839 3294 953 3387; x_wconf 80' lang='grc' dir='ltr'>σοφοῦ</span> <span class='ocrx_word' id='word_1_250' title='bbox 976 3295 1025 3380; x_wconf 81' lang='grc' dir='ltr'>τῷ</span> <span class='ocrx_word' id='word_1_251' title='bbox 1043 3293 1155 3384; x_wconf 79' lang='grc' dir='ltr'>σοφῷ,</span> <span class='ocrx_word' id='word_1_252' title='bbox 1172 3289 1239 3376; x_wconf 78' lang='grc' dir='ltr'>ὁα5</span> 
     </span>
     <span class='ocr_line' id='line_1_28' title="bbox 97 3401 1194 3502; baseline 0.003 -34"><span class='ocrx_word' id='word_1_253' title='bbox 97 3401 218 3497; x_wconf 76' lang='grc' dir='ltr'>χαρίεις</span> <span class='ocrx_word' id='word_1_254' title='bbox 234 3405 295 3472; x_wconf 82' lang='grc' dir='ltr'>τοῦ</span> <span class='ocrx_word' id='word_1_255' title='bbox 311 3401 483 3498; x_wconf 85' lang='grc' dir='ltr'>χαρίεντος</span> <span class='ocrx_word' id='word_1_256' title='bbox 498 3407 549 3492; x_wconf 75' lang='grc' dir='ltr'>τῷ</span> <span class='ocrx_word' id='word_1_257' title='bbox 564 3403 723 3498; x_wconf 88' lang='grc' dir='ltr'>χαρίεντι,</span> <span class='ocrx_word' id='word_1_258' title='bbox 740 3403 793 3474; x_wconf 81' lang='grc' dir='ltr'>καί</span> <span class='ocrx_word' id='word_1_259' title='bbox 810 3401 853 3475; x_wconf 84' lang='grc' dir='ltr'>τὸ</span> <span class='ocrx_word' id='word_1_260' title='bbox 883 3401 996 3502; x_wconf 87' lang='grc' dir='ltr'>χάριεν</span> <span class='ocrx_word' id='word_1_261' title='bbox 1011 3409 1074 3474; x_wconf 79' lang='grc' dir='ltr'>τοῦ</span> <span class='ocrx_word' id='word_1_262' title='bbox 1097 3403 1194 3500; x_wconf 87' lang='grc' dir='ltr'>χαρί-</span> 
     </span>
     <span class='ocr_line' id='line_1_29' title="bbox 98 3514 1194 3616; baseline 0.003 -31"><span class='ocrx_word' id='word_1_263' title='bbox 98 3542 183 3593; x_wconf 74' lang='grc' dir='ltr'>εντος</span> <span class='ocrx_word' id='word_1_264' title='bbox 200 3521 248 3606; x_wconf 75' lang='grc' dir='ltr'>τῷ</span> <span class='ocrx_word' id='word_1_265' title='bbox 266 3517 426 3612; x_wconf 83' lang='grc' dir='ltr'>χαρίεντι,</span> <span class='ocrx_word' id='word_1_266' title='bbox 444 3517 463 3587; x_wconf 89' lang='grc' dir='ltr'>ὁ</span> <span class='ocrx_word' id='word_1_267' title='bbox 481 3514 584 3614; x_wconf 83' lang='grc' dir='ltr'>ὅρσην</span> <span class='ocrx_word' id='word_1_268' title='bbox 604 3524 666 3590; x_wconf 83' lang='grc' dir='ltr'>τοῦ</span> <span class='ocrx_word' id='word_1_269' title='bbox 690 3516 826 3616; x_wconf 80' lang='grc' dir='ltr'>ἄρσενος</span> <span class='ocrx_word' id='word_1_270' title='bbox 850 3525 899 3610; x_wconf 80' lang='grc' dir='ltr'>τῷ</span> <span class='ocrx_word' id='word_1_271' title='bbox 925 3517 1048 3616; x_wconf 80' lang='grc' dir='ltr'>ἄρσενι,</span> <span class='ocrx_word' id='word_1_272' title='bbox 1072 3517 1125 3586; x_wconf 80' lang='grc' dir='ltr'>καὶ</span> <span class='ocrx_word' id='word_1_273' title='bbox 1150 3514 1194 3588; x_wconf 88' lang='grc' dir='ltr'>τδ</span> 
     </span>
     <span class='ocr_line' id='line_1_30' title="bbox 97 3625 1196 3731; baseline 0.008 -35"><span class='ocrx_word' id='word_1_274' title='bbox 97 3625 192 3724; x_wconf 83' lang='grc' dir='ltr'>ὅρσεν</span> <span class='ocrx_word' id='word_1_275' title='bbox 222 3637 284 3703; x_wconf 78' lang='grc' dir='ltr'>τοῦ</span> <span class='ocrx_word' id='word_1_276' title='bbox 311 3631 448 3729; x_wconf 83' lang='grc' dir='ltr'>ὅρσενος</span> <span class='ocrx_word' id='word_1_277' title='bbox 476 3638 525 3724; x_wconf 79' lang='grc' dir='ltr'>τῷ</span> <span class='ocrx_word' id='word_1_278' title='bbox 552 3631 676 3731; x_wconf 84' lang='grc' dir='ltr'>ὅρσενι.</span> <span class='ocrx_word' id='word_1_279' title='bbox 728 3633 778 3705; x_wconf 80' lang='grc' dir='ltr'>Εἰ</span> <span class='ocrx_word' id='word_1_280' title='bbox 804 3632 839 3705; x_wconf 82' lang='grc' dir='ltr'>δὲ</span> <span class='ocrx_word' id='word_1_281' title='bbox 864 3634 1021 3717; x_wconf 79' lang='grc' dir='ltr'>ἐποίησαν</span> <span class='ocrx_word' id='word_1_282' title='bbox 1046 3633 1100 3704; x_wconf 82' lang='grc' dir='ltr'>ε’πῖ</span> <span class='ocrx_word' id='word_1_283' title='bbox 1130 3638 1196 3705; x_wconf 79' lang='grc' dir='ltr'>τῶν</span> 
     </span>
     <span class='ocr_line' id='line_1_31' title="bbox 99 3745 1197 3845; baseline 0.005 -31"><span class='ocrx_word' id='word_1_284' title='bbox 99 3745 267 3844; x_wconf 72' lang='grc' dir='ltr'>οὐδετέρων</span> <span class='ocrx_word' id='word_1_285' title='bbox 283 3745 335 3819; x_wconf 89' lang='grc' dir='ltr'>διδι</span> <span class='ocrx_word' id='word_1_286' title='bbox 352 3754 415 3819; x_wconf 84' lang='grc' dir='ltr'>τοῦ</span> <span class='ocrx_word' id='word_1_287' title='bbox 431 3777 454 3819; x_wconf 79' lang='lat' dir='ltr'>n</span> <span class='ocrx_word' id='word_1_288' title='bbox 471 3747 522 3819; x_wconf 86' lang='grc' dir='ltr'>καί</span> <span class='ocrx_word' id='word_1_289' title='bbox 549 3781 568 3820; x_wconf 95' lang='grc' dir='ltr'>ο</span> <span class='ocrx_word' id='word_1_290' title='bbox 596 3751 656 3834; x_wconf 90' lang='grc' dir='ltr'>τήν</span> <span class='ocrx_word' id='word_1_291' title='bbox 673 3753 808 3845; x_wconf 86' lang='grc' dir='ltr'>γενικήν,</span> <span class='ocrx_word' id='word_1_292' title='bbox 827 3749 896 3823; x_wconf 82' lang='grc' dir='ltr'>οίον</span> <span class='ocrx_word' id='word_1_293' title='bbox 912 3749 955 3824; x_wconf 87' lang='grc' dir='ltr'>τδ</span> <span class='ocrx_word' id='word_1_294' title='bbox 981 3751 1110 3840; x_wconf 76' lang='grc' dir='ltr'>εὐσεβὲς</span> <span class='ocrx_word' id='word_1_295' title='bbox 1134 3755 1197 3824; x_wconf 77' lang='grc' dir='ltr'>τοῦ</span> 
     </span>
     <span class='ocr_line' id='line_1_32' title="bbox 98 3861 1245 3966; baseline 0.004 -34"><span class='ocrx_word' id='word_1_296' title='bbox 98 3861 258 3950; x_wconf 80' lang='grc' dir='ltr'>ειίσεβῆος,</span> <span class='ocrx_word' id='word_1_297' title='bbox 274 3861 317 3934; x_wconf 87' lang='grc' dir='ltr'>τδ</span> <span class='ocrx_word' id='word_1_298' title='bbox 334 3861 456 3957; x_wconf 73' lang='grc' dir='ltr'>εὖγενὲς</span> <span class='ocrx_word' id='word_1_299' title='bbox 471 3870 534 3935; x_wconf 84' lang='grc' dir='ltr'><em>τοῦ</em></span> <span class='ocrx_word' id='word_1_300' title='bbox 556 3867 713 3959; x_wconf 81' lang='grc' dir='ltr'>εδγενῆος,</span> <span class='ocrx_word' id='word_1_301' title='bbox 730 3869 897 3966; x_wconf 81' lang='grc' dir='ltr'>εὑρίσκετο</span> <span class='ocrx_word' id='word_1_302' title='bbox 914 3872 933 3952; x_wconf 88' lang='grc' dir='ltr'>ῆ</span> <span class='ocrx_word' id='word_1_303' title='bbox 950 3873 1195 3966; x_wconf 77' lang='grc' dir='ltr'>παραλήγουσα</span> <span class='ocrx_word' id='word_1_304' title='bbox 1206 3898 1245 3957; x_wconf 86' lang='lat'>30</span> 
     </span>
     <span class='ocr_line' id='line_1_33' title="bbox 99 3975 1197 4080; baseline 0.014 -34"><span class='ocrx_word' id='word_1_305' title='bbox 99 3984 151 4058; x_wconf 86' lang='grc' dir='ltr'>τῆς</span> <span class='ocrx_word' id='word_1_306' title='bbox 176 3985 299 4071; x_wconf 86' lang='grc' dir='ltr'>γενικῆς</span> <span class='ocrx_word' id='word_1_307' title='bbox 323 3975 457 4078; x_wconf 79' lang='grc' dir='ltr'>μείζονα</span> <span class='ocrx_word' id='word_1_308' title='bbox 480 3979 602 4077; x_wconf 83' lang='grc' dir='ltr'>χρόνον</span> <span class='ocrx_word' id='word_1_309' title='bbox 622 3983 748 4080; x_wconf 79' lang='grc' dir='ltr'>ἔχουσα</span> <span class='ocrx_word' id='word_1_310' title='bbox 771 3991 830 4067; x_wconf 83' lang='grc' dir='ltr'>τῆς</span> <span class='ocrx_word' id='word_1_311' title='bbox 850 3985 1017 4079; x_wconf 80' lang='grc' dir='ltr'>ληγούσης</span> <span class='ocrx_word' id='word_1_312' title='bbox 1038 3993 1097 4068; x_wconf 88' lang='grc' dir='ltr'>τῆς</span> <span class='ocrx_word' id='word_1_313' title='bbox 1117 3983 1197 4061; x_wconf 85' lang='grc' dir='ltr'>ι’δίος</span> 
     </span>
     <span class='ocr_line' id='line_1_34' title="bbox 100 4091 1197 4199; baseline 0.008 -38"><span class='ocrx_word' id='word_1_314' title='bbox 100 4091 224 4178; x_wconf 74' lang='grc' dir='ltr'>εὐθείας,</span> <span class='ocrx_word' id='word_1_315' title='bbox 241 4094 324 4192; x_wconf 85' lang='grc' dir='ltr'>ὅπερ</span> <span class='ocrx_word' id='word_1_316' title='bbox 341 4095 433 4167; x_wconf 80' lang='grc' dir='ltr'>ε’στίν</span> <span class='ocrx_word' id='word_1_317' title='bbox 449 4095 589 4168; x_wconf 81' lang='grc' dir='ltr'>ἄτοπον.</span> <span class='ocrx_word' id='word_1_318' title='bbox 640 4097 813 4172; x_wconf 79' lang='grc' dir='ltr'>Οήδέποτε</span> <span class='ocrx_word' id='word_1_319' title='bbox 831 4098 899 4198; x_wconf 84' lang='grc' dir='ltr'>γὰρ</span> <span class='ocrx_word' id='word_1_320' title='bbox 917 4105 935 4183; x_wconf 88' lang='grc' dir='ltr'>ή</span> <span class='ocrx_word' id='word_1_321' title='bbox 952 4105 1197 4199; x_wconf 87' lang='grc' dir='ltr'>παραλήγουσα</span> 
     </span>
     <span class='ocr_line' id='line_1_35' title="bbox 101 4208 1199 4315; baseline 0.006 -37"><span class='ocrx_word' id='word_1_322' title='bbox 101 4213 153 4288; x_wconf 89' lang='grc' dir='ltr'>τῆς</span> <span class='ocrx_word' id='word_1_323' title='bbox 177 4208 496 4306; x_wconf 80' lang='grc' dir='ltr'>περιττοσυλλάβου</span> <span class='ocrx_word' id='word_1_324' title='bbox 521 4223 644 4305; x_wconf 87' lang='grc' dir='ltr'>γενικῆς</span> <span class='ocrx_word' id='word_1_325' title='bbox 669 4213 803 4315; x_wconf 78' lang='grc' dir='ltr'>μείζονα</span> <span class='ocrx_word' id='word_1_326' title='bbox 829 4217 951 4314; x_wconf 85' lang='grc' dir='ltr'>χρόνον</span> <span class='ocrx_word' id='word_1_327' title='bbox 968 4218 1036 4313; x_wconf 78' lang='grc' dir='ltr'>ἔχει</span> <span class='ocrx_word' id='word_1_328' title='bbox 1061 4224 1120 4298; x_wconf 88' lang='grc' dir='ltr'>τῆς</span> <span class='ocrx_word' id='word_1_329' title='bbox 1139 4223 1199 4298; x_wconf 90' lang='grc' dir='ltr'>λη-</span> 
     </span>
     <span class='ocr_line' id='line_1_36' title="bbox 103 4325 1199 4415; baseline 0.006 -22"><span class='ocrx_word' id='word_1_330' title='bbox 103 4325 216 4410; x_wconf 79' lang='grc' dir='ltr'>γούσης</span> <span class='ocrx_word' id='word_1_331' title='bbox 239 4334 299 4409; x_wconf 87' lang='grc' dir='ltr'>τῆς</span> <span class='ocrx_word' id='word_1_332' title='bbox 324 4325 404 4405; x_wconf 88' lang='grc' dir='ltr'>ι’δίας</span> <span class='ocrx_word' id='word_1_333' title='bbox 429 4329 558 4412; x_wconf 80' lang='grc' dir='ltr'>εδθείας,</span> <span class='ocrx_word' id='word_1_334' title='bbox 582 4329 658 4400; x_wconf 77' lang='grc' dir='ltr'>ἀλλ’</span> <span class='ocrx_word' id='word_1_335' title='bbox 678 4328 752 4401; x_wconf 73' lang='grc' dir='ltr'>ὅσον</span> <span class='ocrx_word' id='word_1_336' title='bbox 779 4329 798 4414; x_wconf 82' lang='grc' dir='ltr'>ή</span> <span class='ocrx_word' id='word_1_337' title='bbox 823 4329 1000 4406; x_wconf 74' lang='grc' dir='ltr'>ἐλάττονα·</span> <span class='ocrx_word' id='word_1_338' title='bbox 1032 4329 1106 4403; x_wconf 74' lang='grc' dir='ltr'>ὅσον</span> <span class='ocrx_word' id='word_1_339' title='bbox 1130 4329 1199 4415; x_wconf 77' lang='grc' dir='ltr'>μὲν,</span> 
     </span>
     <span class='ocr_line' id='line_1_37' title="bbox 105 4435 1247 4545; baseline 0.008 -40"><span class='ocrx_word' id='word_1_340' title='bbox 105 4435 168 4509; x_wconf 74' lang='grc' dir='ltr'>οἷον</span> <span class='ocrx_word' id='word_1_341' title='bbox 186 4439 304 4539; x_wconf 88' lang='grc' dir='ltr'>Λάχης</span> <span class='ocrx_word' id='word_1_342' title='bbox 319 4441 493 4542; x_wconf 78' lang='grc' dir='ltr'>Λάχητος,</span> <span class='ocrx_word' id='word_1_343' title='bbox 509 4447 586 4544; x_wconf 78' lang='grc' dir='ltr'>ἔρως</span> <span class='ocrx_word' id='word_1_344' title='bbox 602 4446 733 4543; x_wconf 80' lang='grc' dir='ltr'>ἔρωτος,</span> <span class='ocrx_word' id='word_1_345' title='bbox 747 4445 858 4545; x_wconf 84' lang='grc' dir='ltr'>Πάρις</span> <span class='ocrx_word' id='word_1_346' title='bbox 875 4445 1033 4544; x_wconf 88' lang='grc' dir='ltr'>Πάριδος,</span> <span class='ocrx_word' id='word_1_347' title='bbox 1051 4447 1200 4516; x_wconf 79' lang='grc' dir='ltr'>ἔλασσον</span> <span class='ocrx_word' id='word_1_348' title='bbox 1210 4473 1247 4536; x_wconf 84' lang='lat'>35</span> 
     </span>
    </p>
   </div>
   <div class='ocr_carea' id='block_1_5' title="bbox 0 0 1517 5014">
    <p class='ocr_par' dir='ltr' id='par_1_6' title="bbox 0 0 1517 5014">
     <span class='ocr_line' id='line_1_38' title="bbox 0 0 1517 5014; baseline 0 0"><span class='ocrx_word' id='word_1_349' title='bbox 0 0 1517 5014; x_wconf 95' lang='lat' dir='ltr'> </span> 
     </span>
    </p>
   </div>
  </div>
 </body>
</html>
