2966 5014
23 301 61 366 ε.
404 307 470 367 ειε
491 307 548 368 το
570 305 865 368 οΝοιυΑτικοΝ.
1120 317 1183 385 159

81 474 247 554 Ἀττικῶς
273 475 361 548 κατὰ
386 477 445 560 τήν
475 479 610 570 γενικήν·
645 477 685 552 ὡς
710 473 779 573 γὰρ
805 473 942 570 είρηται,
969 475 1002 544 οί
1029 470 1185 544 Ἀττικοὶ

81 596 251 669 ποιοῦντες
277 589 329 664 διὰ
354 596 417 663 τοῦ
439 621 459 662 ιι
478 591 570 662 καίει
587 591 647 674 τήν
664 590 801 682 γενικήν,
822 589 875 660 ε’πί
899 588 978 672 ὅλης
1002 596 1062 672 τῆς
1083 617 1186 661 κατα-

82 703 204 800 λήξεως
228 713 332 779 τούτο
357 712 519 790 ποιοῦσιν,
536 705 589 775 καί
610 707 665 776 οὐκ
691 705 747 776 ε’πί
771 735 865 798 τινων
880 704 939 790 μέν
954 709 1114 787 ποιοῦσιν,
1132 705 1188 775 ε’πί

83 853 177 893 τινων
214 821 283 893 έού
299 828 460 895 ποιοῦσιν.
500 820 618 894 Ταῦτα
634 820 693 904 μέν
710 822 742 892 έν
757 822 900 898 τούτοις.

124 935 252 1033 Ἄξιον
265 937 299 1010 δέ
315 937 390 1010 έστί
408 934 560 1038 ζητῆσαι,
572 935 623 1010 διὰ
641 938 740 1009 ποίαν
756 937 864 1008 αἰτίαν
876 934 923 1008 τὰ
940 938 983 1014 είς
1001 965 1054 1018 ιιι,
1072 939 1115 1014 είς
1129 955 1212 1015 ms

70 1053 207 1150 ιέχοντα
229 1052 289 1136 τήν
308 1053 444 1145 γενικήν,
470 1055 507 1124 οὐ
532 1054 681 1146 γίνονται
707 1050 760 1124 διὰ
783 1057 845 1123 τοῦ
871 1082 894 1122 ιι
917 1051 969 1122 καί
996 1051 1185 1134 οἸωνικῶς,

84 1170 152 1241 οἷον
169 1171 382 1254 Δημοσθένης
407 1171 648 1254 Δημοσθένηος,
673 1167 837 1252 Διομήδης
854 1167 1048 1262 Διομήδηος,
1074 1167 1186 1266 ὥσπερ

85 1283 217 1369 Πηλεὺς
251 1283 399 1370 Πηλῆος,
431 1284 483 1355 καὶ
518 1283 697 1382 Ἀχιλλεὺς
731 1282 929 1380 Ἀχιλλῆος.
991 1282 1061 1354 Καὶ
1095 1284 1187 1354 ἔστιν

239 1402 247 1427 ἱ
323 1403 332 1427 9

84 1403 182 1473 εἰπεῖν
209 1433 272 1484 την
295 1402 404 1474 αιτίαν
429 1402 562 1486 ταύτην·
598 1405 630 1473 οί
654 1401 765 1479 Ἴωνες
793 1406 961 1478 ποιοῦντες
991 1397 1042 1472 διά
1072 1406 1134 1472 τοῦ
1162 1429 1185 1471 ιι

85 1517 134 1586 καί
159 1547 179 1587 ο
196 1516 258 1599 τήν
276 1517 400 1610 γενικήν
417 1517 471 1588 έπί
497 1517 576 1603 ὅλης
600 1525 659 1602 τῆς
683 1513 889 1610 καταλήξεως
912 1521 1015 1589 τοῦτο
1041 1522 1186 1606 ποιοῦσι,
1199 1543 1234 1583 ιο

84 1630 133 1702 καί
155 1632 214 1703 οὐκ
230 1632 287 1702 ε’πί
301 1663 395 1704 τινων
411 1631 469 1717 μὲν
486 1640 647 1719 ποιοῦσιν,
663 1635 720 1706 ἐπί
734 1663 829 1706 τινων
843 1630 877 1702 δὲ
892 1633 929 1702 οὐ
946 1638 1105 1714 ποιοῦσιν,
1117 1632 1186 1704 οῖον

85 1747 137 1818 ε’πί
153 1753 222 1819 τῶν
238 1750 280 1826 είς
305 1777 364 1820 m
389 1755 556 1828 ποιούντες
582 1746 634 1821 διὰ
656 1756 719 1821 τοῦ
745 1779 767 1820 ιι
792 1749 844 1820 καί
864 1779 883 1818 o
902 1747 962 1831 τήν
979 1748 1115 1841 γενικήν,
1132 1749 1186 1818 ε’πί

86 1862 162 1947 ὅλης
187 1871 248 1947 τῆς
272 1862 477 1958 καταλήξεως
502 1872 607 1936 τοῦτο
632 1871 793 1936 ποιοῦσιν.
845 1861 932 1934 Οὐδὲ
956 1861 1024 1960 γὰρ
1044 1863 1098 1934 ε’πί
1120 1868 1187 1935 τῶν

87 1980 195 2076 κυρίων
212 1986 315 2052 τοῦτο
331 1985 492 2063 ποιοῦσιν,
509 1979 563 2051 έπί
581 1979 616 2052 δέ
631 1985 696 2052 τῶν
713 1981 757 2065 μῆ
775 1980 876 2052 ὄντων
893 1980 1004 2077 κυρίων
1019 1986 1124 2051 τοῦτο
1150 1981 1187 2052 οὐ

86 2101 247 2182 ποιοῦσιν,
265 2095 342 2167 ἀλλ’
360 2096 415 2167 ἐπὶ
433 2096 518 2168 ὅλων
534 2101 696 2182 ποιοῦσιν,
715 2095 784 2168 οἷον
797 2095 977 2192 Ἀχιλλεύς
989 2096 1185 2193 Ἀχιλλῆος,
1199 2123 1233 2182 15

89 2207 216 2294 Πηλεύς
250 2210 396 2296 Πηλῆος,
430 2211 587 2300 βασιλεὺς
620 2213 794 2299 βασιλῆος,
827 2209 924 2308 ίερεύς
956 2213 1070 2307 ίερῆος.
1139 2209 1189 2280 Εἰ

89 2325 243 2410 ἐποίησαν
270 2327 325 2400 οὐν
349 2327 403 2398 ἕπί
430 2333 495 2399 τῶν
520 2331 563 2405 είς
592 2357 635 2400 ιιι
660 2331 704 2405 είς
729 2357 786 2398 οτι
812 2326 954 2424 ε’χόντων
975 2326 1037 2410 τήν
1062 2327 1187 2419 γενικῆυ

90 2444 197 2540 κυρίων
223 2442 274 2516 διὰ
297 2451 358 2517 τοῦ
383 2475 406 2516 ιι
426 2447 479 2516 καὶ
506 2475 525 2516 ο
549 2446 610 2528 τήν
633 2445 759 2537 γενικήν
776 2445 809 2515 οί
824 2443 944 2526 Ἴωνες,
961 2439 1187 2541 ἠναγκάζοντο

91 2558 139 2627 καί
155 2559 211 2630 ἐπὶ
227 2565 293 2630 τῶν
309 2561 465 2632 ἐπιθέτων
482 2567 585 2632 τοῦτο
606 2569 754 2644 ποιῆσαι,
771 2563 800 2631 εί
841 2557 856 2630 έ
878 2559 1035 2642 ἐποίησαν
1051 2559 1105 2630 έπί
1122 2563 1187 2630 τῶν

91 2671 256 2759 ἐπιθέτων,
269 2672 495 2776 ἠναγκάζοντο
512 2677 565 2747 καὶ
582 2676 635 2748 ἐπὶ
652 2682 719 2748 τῶν
733 2675 906 2773 οὐδετέρων
917 2682 1021 2747 τοῦτο
1039 2684 1185 2757 ποιῆσαι.
1198 2711 1236 2751 ιο

95 2783 252 2861 Καθόλου
279 2789 347 2889 γὰρ
377 2795 443 2862 πᾶν
473 2791 641 2889 οὐδέτερον
670 2791 739 2863 ἆπό
773 2792 942 2889 ἀρσενικοῦ
975 2791 1188 2884 γεγενημένον

94 2903 173 2976 κατὰ
201 2905 539 3003 παρασχηματισμδν,
569 2907 628 2990 τήν
656 2913 722 2980 τῶν
749 2907 920 3006 άρσενικῶν
947 2909 1055 2980 κλίσιν
1083 2907 1189 2980 ἐπιδέ-

94 3045 185 3113 χεται
212 3020 264 3092 καί
288 3021 321 3091 έν
343 3027 385 3116 τῆ
412 3028 520 3116 γενικῆ
545 3023 598 3093 καὶ
623 3024 655 3094 έν
672 3029 714 3118 τῆ
739 3021 862 3118 δοτικῆ,
880 3023 949 3096 οίον
966 3025 985 3095 ὁ
1005 3021 1105 3102 καλδς
1127 3031 1189 3097 τοῦ

24 3142 190 3226 ρθςκολοΐι
215 3142 265 3228 τῷ
289 3142 391 3229 καλῷ,
420 3135 463 3208 τί)
489 3136 591 3209 καλὸν
615 3145 677 3210 τοῦ
706 3146 808 3211 καλοῦ
833 3146 882 3232 τῷ
907 3147 1007 3232 καλῷ,
1033 3142 1052 3211 ὁ
1078 3139 1189 3238 σοφάς

95 3256 153 3319 τοῦ
167 3255 282 3347 σοφοῦ
297 3257 347 3343 τῷ
364 3255 475 3348 σοφῷ,
492 3252 545 3323 καί
562 3250 604 3324 τὸ
622 3251 734 3350 σοφὸν
749 3262 811 3326 τοῦ
835 3262 950 3354 σοφοῦ
973 3263 1022 3348 τῷ
1040 3262 1152 3353 σοφῷ,
1169 3257 1235 3345 ὁυ5

96 3368 215 3464 χαρίεις
230 3373 292 3439 τοῦ
308 3368 479 3465 χαρίεντος
495 3375 546 3460 τῷ
561 3370 720 3466 χαρίεντι,
737 3371 790 3442 καί
806 3370 850 3443 τὸ
879 3368 993 3469 χάριεν
1008 3377 1070 3442 τοῦ
1094 3371 1191 3468 χαρί-

97 3509 181 3560 εντος
197 3487 245 3574 τῷ
263 3484 423 3580 χαρίεντι,
441 3485 460 3554 ὁ
477 3483 581 3581 ίίρσην
599 3492 663 3557 τοῦ
686 3483 822 3584 ἄρσενος
846 3492 895 3578 τῷ
921 3485 1044 3582 ἄρσενι,
1068 3486 1121 3555 καὶ
1147 3483 1191 3556 τό

97 3592 189 3690 ὅρσεν
219 3604 281 3670 τοῦ
308 3597 445 3697 ἄρσενος
472 3605 522 3692 τῷ
549 3599 672 3698 ἄρσενι.
725 3600 775 3672 Εὐ
800 3601 835 3673 δὲ
861 3602 1018 3685 ε’ποίησαν
1043 3601 1097 3671 ε’πί
1126 3606 1192 3672 τῶν

99 3711 264 3812 οὐδετέρων
280 3711 332 3786 διά
349 3721 411 3786 τοῦ
428 3745 450 3786 ιι
467 3715 518 3786 καί
546 3747 565 3788 ο
592 3719 653 3802 τήν
670 3721 804 3811 γενικήν,
823 3716 892 3792 οἷον
908 3717 951 3792 τὸ
977 3718 1107 3807 εὐσεβές
1131 3723 1193 3792 τοῦ

98 3827 254 3917 εὐσεβῆος,
271 3828 314 3902 τὸ
331 3829 452 3924 εὐγενὲς
468 3837 530 3903 τοῦ
552 3835 709 3926 εὐγενῆος,
727 3836 894 3932 εὑρίσκετο
911 3840 930 3920 ῆ
946 3839 1192 3934 παραλήγουσα
1202 3866 1241 3924 30

99 3949 150 4023 τῆς
173 3953 296 4038 γενικῆς
320 3942 454 4046 μείζονα
476 3946 599 4045 χρόνον
619 3951 745 4046 ἔχουσα
768 3959 827 4034 τῆς
846 3953 1013 4045 ληγούσης
1035 3960 1093 4034 τῆς
1114 3951 1193 4028 ι’δίας

99 4057 220 4145 εὐθείας,
238 4062 320 4158 ὅπερ
337 4061 430 4134 ἐστίν
446 4062 586 4135 ἄτοπον.
637 4065 810 4139 Οὐδέποτε
827 4066 895 4166 γάρ
913 4072 931 4150 ή
949 4073 1194 4166 παραλήγουσα

101 4178 151 4254 Τῆε
174 4175 493 4274 περιττοσυλλύβου
518 4189 641 4272 γενικῆς
665 4179 800 4282 μείζονα
825 4184 947 4281 χρόνον
964 4185 1032 4280 ἔχει
1058 4191 1116 4266 τῆς
1136 4190 1196 4266 λη-

102 4290 213 4375 ’γούσιις
236 4301 295 4376 τῆς
321 4293 401 4372 ἰδίας
426 4296 554 4379 εὐθείας,
578 4296 654 4367 ἀλλ’
674 4296 748 4368 ίσον
776 4297 794 4380 ή
820 4297 996 4372 έλάττονα·
1028 4295 1102 4388 ἶσον
1126 4297 1196 4382 μέν,

105 4401 166 4475 οἷον
183 4405 301 4506 Λάχης
315 4408 489 4509 Λάχητος,
506 4413 583 4510 ἔρως
598 4413 729 4510 ἔρωτος,
744 4412 854 4512 Πάρις
870 4412 1030 4512 Πάριδος,
1047 4414 1196 4485 ἔλασσον
1206 4441 1243 4504 35
