2954 5024
414 359 483 424 ΕΙΣ
503 361 561 424 m
581 359 896 438 oNoMATmON„
1130 367 1196 438 νος

82 533 158 601 νοιῖ·
194 527 295 608 οὕτως
320 527 375 602 οιῖν
400 532 452 603 καῖ
482 533 501 602 ὁ
527 531 651 632 χαρῖεις
680 529 707 604 ῶ
734 531 855 627 χαρῖει,
883 530 937 600 καῖ
970 529 990 599 ὁ
1021 527 1199 612 τιμήειςιῖ

82 649 211 730 τιμήει.
263 647 327 718 Δεῖ
341 651 534 745 προσθεῖναι
552 659 573 690 “
585 646 891 730 κοινολεκτοῖμενα”
908 641 959 717 διὰ
976 641 1022 718 τά
1039 639 1196 715 Αῖολικιῖ·

84 767 126 834 οῖ
156 761 225 861 γάρ
252 765 388 840 Αἰολεῖς
416 760 460 836 τά
488 761 595 862 τάλας
623 761 743 840 πάλαις
771 761 921 854 λέγουσι,
951 761 1003 832 καῖ
1033 757 1077 832 τά
1107 759 1199 838 Θόας

84 879 207 964 θόοις,
223 879 276 949 καῖ
293 876 336 950 τὸ
353 879 456 961 μέλας
471 879 597 961 μέλαις.
642 877 711 948 Καὶ
730 876 799 948 ι’(ῖοῖ
814 883 922 948 ταῦτα
939 879 983 954 εἷς
1001 907 1017 947 x
1035 878 1197 968 λήγουσιν

83 993 177 1078 μετὰ
196 993 401 1093 διφθόγγου,
418 994 471 1064 καῖ
489 993 574 1077 ὅμως
592 995 629 1064 αὖ
645 1000 777 1065 ποιοῦσι
794 993 854 1076 τὴν
866 991 1020 1076 κλητικῆν
1036 993 1223 1086 άποβολῇ5

83 1117 156 1184 τοῦ
173 1141 202 1194 τ,
220 1107 291 1182 οιῖιῖέ
316 1106 386 1208 γάρ
410 1109 555 1201 λέγομεν
571 1111 598 1182 ῶ
615 1107 718 1182 τάλαι
744 1110 796 1179 καῖ
822 1109 848 1180 ῶ
870 1109 969 1192 μέλοι
986 1109 1039 1180 καῖ
1056 1107 1083 1181 ῶ
1099 1108 1196 1190 Θόαι,

85 1229 173 1299 ἁλλ’
200 1226 227 1299 ῶ
249 1223 358 1298 τάλαν
386 1225 439 1296 καῖ
465 1227 491 1297 ῶ
513 1225 604 1296 Θόαν
633 1226 685 1296 καῖ
713 1225 741 1295 ιῖ
767 1225 955 1316 μέλαν,τῷ
980 1221 1048 1296 ἀπὸ
1072 1233 1198 1319 γενικῆς

85 1343 201 1420 κανόνι
226 1349 274 1433 τῷ
296 1341 445 1434 λέγοντι,
471 1341 525 1413 ὅτι
549 1345 645 1413 πᾶσα
669 1342 776 1437 γενικῆ
802 1339 855 1413 διὰ
881 1347 944 1413 τοῦ
964 1371 1006 1414 ατ
1027 1343 1197 1426 κλινομένη

87 1459 255 1551 ἀποβολῇ
281 1465 339 1540 τῆς
364 1487 426 1528 νοτ
452 1467 541 1528 ποιεῖ
563 1457 623 1540 τὴν
645 1457 811 1544 κλητικῆν,
836 1459 866 1530 ει’
889 1455 923 1528 δὲ
947 1458 991 1541 μὴ
1015 1455 1197 1556 διφθόγγῳ

87 1577 343 1672 παραλήγοιτο,
368 1572 438 1645 οἷον
462 1573 611 1651 Αῖαντος
636 1571 736 1660 Αῖαν,
763 1575 932 1674 Δρύαντος
952 1577 1073 1666 Δρύον,
1097 1573 1197 1652 Ξενο-
1211 1607 1247 1646 ιο

88 1695 228 1787 φῶντας
268 1685 434 1787 Ξενοφῶν,
471 1685 679 1786 Κάλχαντος
713 1687 872 1788 Κάλχαν·
919 1689 1021 1768 οιῖτιος
1061 1688 1116 1762 οῖν
1144 1690 1197 1760 καῖ

90 1805 250 1884 θάαντος
274 1805 375 1888 θέαν,
400 1804 453 1876 καῖ
482 1805 645 1889 μέλαντος
668 1807 783 1890 μέλαν,
808 1806 861 1877 καῖ
886 1803 1054 1884 τάλαντος
1077 1804 1199 1880 τάλαν·

88 1919 137 1994 τὸ
166 1919 235 2019 γὰρ
262 1919 409 2000 τάλανος
434 1921 487 1992 καῖ
520 1922 661 2006 μέλανος
690 1921 850 2016 ἀποβολῇ
880 1928 942 1994 τοῦ
974 1952 994 1995 τ
1024 1923 1198 2016 γεγόνασι.

91 2040 161 2109 Δεῖ
178 2042 369 2135 τροσθεῖναι
397 2037 527 2135 “χιορῖς
551 2043 617 2109 τῶν
637 2042 790 2133 μετοχῶν
806 2039 858 2108 καῖ
883 2044 950 2110 τῶν
971 2037 1197 2137 οὕδετέριον””·

90 2157 163 2225 τῶν
177 2157 340 2250 μετοχῶν,
357 2149 409 2223 διὰ
425 2149 468 2224 τά
488 2153 626 2250 τυφθεὶς
652 2150 757 2249 δαρεῖς
783 2153 896 2245 νυγεῖς,
913 2159 1021 2226 ταῦτα
1046 2153 1115 2252 γὰρ
1139 2155 1199 2235 τῖιν
1211 2181 1222 2220 ι
1228 2177 1246 2238 5

92 2268 197 2350 αὖτῆν
212 2267 345 2363 ἔχουσιν
361 2266 459 2365 ὀρθὴν
475 2269 527 2344 καῖ
544 2268 707 2352 κλητικῆν,
725 2269 776 2339 καῖ
801 2270 838 2339 οὗ
860 2274 993 2339 ποιοῦσι
1011 2269 1070 2350 τὴν
1087 2275 1200 2350 κλητι-

91 2385 153 2466 κῆν
179 2381 339 2477 ἀποβολῇ
361 2389 423 2454 τοῦ
452 2409 480 2454 τ·
517 2389 583 2455 τῶν
606 2382 640 2454 δέ
664 2389 846 2479 μετοχικῶν
875 2381 926 2454 διὰ
953 2379 998 2454 τά
1025 2381 1116 2459 ὀδοὺς
1137 2387 1201 2453 τοῦ

93 2498 241 2576 ὀδόντος·
272 2499 324 2568 καῖ
350 2504 454 2570 τοῦτο
480 2496 548 2596 γὰρ
573 2500 633 2583 τὴν
649 2501 747 2583 αὐτὴν
764 2502 833 2597 ἔχει
851 2501 951 2598 ὀρθὴν
966 2501 1020 2570 καῖ
1037 2504 1200 2583 κλητικῆν.

92 2614 147 2685 Αῖ
172 2613 240 2712 γὰρ
269 2613 412 2711 μετοχαῖ
438 2616 491 2686 καῖ
516 2613 562 2687 τὰ
587 2614 749 2713 μετοχικά
776 2616 858 2688 ὅταν
879 2614 1201 2715 τεριττοαυλλάβιος

93 2730 278 2812 κλῖνωνται,
306 2728 368 2808 τὰς
395 2729 495 2809 ου’τάς
521 2733 653 2828 ἔχουσιν
683 2729 784 2830 ὀρθάς
811 2732 863 2802 καῖ
890 2730 1054 2816 ιιλητικᾶς,
1085 2732 1155 2803 οῖον
1176 2734 1250 2810 ὁοο

92 2841 212 2938 πιλῖιας
228 2851 289 2917 τοῦ
304 2843 479 2938 τιῖφαντος
495 2847 523 2917 αῖ
537 2845 661 2940 τάφος,
679 2848 698 2918 ὁ
717 2843 862 2946 γράψας
877 2853 940 2919 τοῦ
956 2845 1159 2942 γράψαντος
1175 2845 1202 2918 ῶ

94 2957 285 3058 γράψας,ὁ
302 2959 376 3045 ἱμάς
392 2969 453 3033 τοῦ
469 2961 605 3046 ἱμάντας
621 2964 649 3034 a?
663 2962 780 3048 ῖμὰς,ὁ
798 2961 928 3063 ἇνὸριᾶς
939 2971 1000 3036 τοῦ
1011 2961 1203 3063 ἀνδριάντος

91 3075 278 3175 ῶᾶνδριάς.
329 3079 433 3151 Διατῖ
457 3079 491 3150 δέ
516 3079 712 3174 πρόσκειται
739 3091 761 3122 “
772 3081 855 3152 ὅταν
880 3078 1201 3179 τεριττοσυλλάβιος

91 3195 285 3266 κλίνωνται”
308 3197 340 3266 έν
362 3203 405 3291 τῇ
431 3196 507 3294 περῖ
536 3203 597 3268 τοῦ
620 3197 708 3274 Αῖας
738 3195 931 3289 διδασκαλίᾳ
961 3202 1200 3282 μεμαθήκαμεν.

93 3320 115 3352 “
135 3309 248 3409 Χωρῖς
273 3310 307 3384 δὲ
328 3318 394 3384 τῶν
419 3311 609 3410 οὗδετέριον”
634 3313 830 3411 πρόσκειται
857 3311 909 3384 διὰ
935 3311 978 3384 τά
1002 3313 1064 3391 οῖς.
1116 3313 1248 3399 Ἐἆνν5

94 3426 166 3525 γὰρ
184 3427 267 3505 ὅλως
282 3425 438 3517 λάβωμεν
454 3431 555 3500 αὐτοῦ
571 3430 630 3512 τὴν
647 3430 810 3512 κλητικῆν,
823 3429 884 3511 τὴν
901 3429 999 3511 αὐτὴν
1014 3430 1083 3525 ἔχει
1101 3431 1200 3524 ὀρθὴν

93 3546 149 3616 καῖ
179 3545 330 3627 κλητικῆν
354 3549 403 3636 τῶ
432 3543 527 3636 λόγῳ
552 3549 617 3614 τῶν
637 3542 820 3640 οὐδετέρων.
872 3540 928 3613 Τὰ
953 3539 1022 3639 γάρ
1047 3541 1201 3640 οὐδέτερα

92 3660 157 3741 τὴν
173 3658 272 3741 αὐτὴν
287 3660 402 3756 ἔχουσι
428 3661 479 3730 καῖ
506 3661 658 3742 κλητικῆν
679 3659 731 3730 καῖ
760 3659 869 3755 ὀρθὴν,
893 3654 963 3728 οῖον
987 3655 1031 3730 τὸ
1058 3659 1151 3746 βῆμα
1175 3661 1202 3731 ιῖ

94 3777 203 3864 βῆμα,
218 3773 261 3846 τά
278 3785 390 3872 τεῖχος
405 3775 433 3846 ῶ
448 3785 571 3872 τεῖχος.
614 3774 701 3846 Ἔτι
721 3773 770 3846 δεῖ
784 3779 977 3872 προσθεῖναι
997 3786 1017 3816 “
1030 3774 1083 3845 καῖ
1102 3776 1201 3872 χωρῖς

94 3899 160 3963 τοῦ
181 3891 290 3973 ποῦς,”
306 3893 366 3975 τὴν
392 3893 490 3976 αὐτὴν
516 3889 584 3987 γάρ
609 3891 677 3988 ἔχει
705 3892 805 3988 ὀρθὴν
823 3891 874 3962 καῖ
901 3891 1065 3976 κλητικῆν,
1089 3888 1159 3962 οῖον
1180 3894 1250 3989 630

5 4007 177 4105 ιιγηποῖις
201 4008 229 4078 ῶ
252 4007 341 4092 τοὺς,
366 4008 417 4080 καῖ
445 4011 482 4079 οιῖ
506 4019 596 4080 ποιεῖ
619 4008 719 4090 αὐτὴν
735 4008 895 4102 ἀποβολῇ
919 4014 982 4079 τοῦ
1010 4039 1039 4080 s.
1092 4016 1112 4051 ‘⁶
1133 4009 1201 4079 Καῖ

95 4125 197 4222 χωρὶς
212 4129 274 4195 τοῦ
292 4121 364 4201 εῖς.”
415 4125 487 4196 Τοιῖ
512 4122 581 4222 γὰρ
607 4123 650 4200 εῖς
673 4125 728 4194 οὐκ
751 4123 825 4196 ἔστι
842 4121 929 4194 κατὰ
948 4124 1123 4213 ἀποβολὴν
1140 4131 1200 4196 τοῦ

100 4269 118 4310 z
142 4244 160 4322 ἦ
181 4240 326 4324 κλητικὴ,
353 4241 432 4310 ἀλλ’
457 4239 523 4312 οὐδ’
549 4239 632 4316 ὅλως
657 4240 725 4336 ἔχει
750 4245 854 4311 τοῦτο
879 4245 1042 4324 κλητικῆν.
1094 4238 1200 4332 Λέγει

490 4491 506 4524 ³
519 4487 671 4554 Μετοχικῖιν
684 4483 713 4538 in
726 4501 812 4556 marg.
