2982 5022
14 319 71 384 ιι.
401 323 468 383 ειν
489 323 545 383 το
568 321 861 384 ουουκτιιιου.
1135 339 1175 406 33

14 490 153 582 μιβαε·
193 491 419 578 ι’σοσυλλαβεῖ
450 489 519 588 γὰρ
552 495 571 574 ή
605 493 713 584 γενική
746 497 789 586 τῇ
820 491 922 583 εύθείᾳ
955 491 1010 562 ε’τί
1044 491 1176 564 ταύταν.

82 605 195 677 Ταῦτα
211 605 271 689 μὲν
287 609 307 676 ὁ
323 609 434 678 κανών·
466 606 596 678 θοκαύσι
623 605 659 678 δι’
679 638 753 679 τινα
775 607 974 679 ἀντικεῖσθαι
991 609 1091 698 αύτῷ,
1107 605 1177 678 οίον

78 720 117 792 τό
133 719 258 810 Κάβας
279 722 332 792 καί
354 719 478 810 Λάβος
493 722 546 793 καί
562 719 606 793 τό
622 721 752 811 Ἀβας.
803 721 921 794 Ταῦτα
945 721 1013 820 γάρ
1037 721 1177 820 θιχρύνῳ

78 837 325 928 σννεσταλμίνῳ
354 839 616 936 ταραληγόμενα
643 837 877 926 ι’σοσυλλόβως
904 840 1080 924 κλίνονται,
1107 837 1177 912 αίον

77 961 134 1024 τοῦ
149 951 270 1042 Κάβα,
286 959 348 1025 τοῦ
364 953 479 1042 Ἀβα,
496 961 559 1026 τοῦ
572 951 690 1042 Λάβα.
714 955 847 1026 Ἰστίαν
863 953 898 1026 δὲ
914 955 968 1027 ὅτι
985 955 1028 1028 τό
1046 955 1201 1044 Ἀβας,5

78 1071 160 1149 ήνίκα
186 1068 248 1153 μὲν
272 1070 418 1154 σημαίνει
443 1067 487 1141 τό
511 1069 602 1148 ἔθνος
626 1070 739 1155 μόνως,
763 1067 997 1157 ι’σοσυλλάβας
1019 1073 1173 1155 κλίνεται,

78 1181 142 1254 οἷον
166 1188 186 1255 ό
206 1183 326 1272 Ἀβας
350 1191 413 1256 τοῦ
427 1184 538 1273 Ἀβα·
566 1187 653 1268 ήνίκα
681 1184 716 1256 δὲ
740 1184 802 1257 τὸν
830 1183 917 1282 ήρωα
943 1187 1174 1270 σημαίνει,καῖ

77 1298 396 1398 τεριττοσνλλάβιος
437 1302 489 1372 καὶ
525 1296 766 1390 ι’σασυλλάβιος·
812 1298 881 1372 οἷον
914 1303 933 1372 ὁ
960 1301 1077 1390 Ἀβας
1114 1310 1176 1374 τοῦ

71 1416 256 1503 Ἄβαντος,
273 1415 326 1486 καί
343 1415 491 1503 ὁἈβας
506 1423 569 1488 τοῦ
585 1416 698 1504 Ἀβα.

123 1531 179 1602 Τὰ
197 1533 243 1608 είς
260 1560 323 1602 ειν
339 1536 492 1625 λήγοντα
508 1533 631 1628 ἔχοντα
653 1533 713 1614 τήν
725 1530 793 1628 τρὸ
811 1533 927 1610 τύλους
944 1533 1117 1622 συλλαβήν
1134 1536 1176 1612 ιίς
1189 1568 1224 1608 ιο

77 1649 250 1744 σύμφωνον
278 1651 543 1739 καταλήγουσαν,
568 1647 613 1729 μή
642 1645 685 1716 τό
709 1675 738 1729 ν,
766 1645 999 1736 ι’σοσυλλάβιυς
1020 1651 1175 1721 κλίνεται·

77 1762 140 1833 οἷον
158 1759 312 1848 Χάλβεις
331 1759 474 1849 Χάλβα,
501 1761 589 1851 (ἔστι
621 1759 655 1831 δὲ
680 1761 832 1844 ποταμὸς
858 1761 1002 1860 Συρίας,)
1033 1761 1177 1850 Σάμβας

78 1874 214 1965 Σάμβα,
252 1877 341 1967 (ἔστι
375 1874 410 1948 θὲ
438 1877 540 1960 ὄνομα
571 1880 750 1971 τοταμοῦ,)
777 1873 962 1964 Λυκάμβας
997 1875 1176 1966 Λυκάμβα,

77 1991 265 2089 Χηρύμβας
282 1988 469 2089 Χηρόμβα.
506 1989 713 2087 Πρόσκειται
738 2002 758 2032 “
768 1992 813 2076 μή
829 1989 872 2063 τὸ
890 1995 938 2077 ν,”
958 1990 1009 2064 όιά
1026 1991 1069 2065 τὸ
1086 1991 1177 2090 Φόρ-

78 2109 137 2192 βας
148 2109 363 2204 Φύρβαντας,
378 2107 430 2176 καί
444 2105 583 2203 Κύρβας
597 2105 807 2204 Κύρβαντος.
835 2107 955 2178 Ταῦτα
972 2106 1040 2205 γὰρ
1052 2109 1175 2205 ἔχοντα
1190 2141 1199 2180 ι
1206 2137 1222 2198 5

78 2224 132 2304 τήν
156 2223 327 2320 προτέραν
353 2221 527 2309 συλλαβήν
554 2223 597 2300 είς
621 2220 664 2293 τό
693 2251 711 2292 ν
736 2226 993 2314 καταλήγουσαν
1019 2251 1176 2317 περιττο-

78 2337 252 2426 συλλιίβιας
266 2339 421 2418 κλίνεται,
438 2343 537 2430 ήγουν
554 2335 606 2408 διὰ
623 2343 685 2407 τοῦ
702 2367 758 2407 υτ.

126 2453 180 2525 Τά
199 2457 245 2530 εἷς
262 2483 323 2524 m
340 2457 491 2544 λήγοντα
508 2453 632 2548 ἔχοντα
648 2452 708 2534 τήν
724 2450 792 2548 τρὸ
811 2453 927 2529 τέλους
943 2451 1117 2540 συλλαβήν
1134 2455 1176 2528 είς

80 2569 228 2665 δίχρονον
240 2569 483 2652 σνεσταλμίναν
508 2573 775 2660 καταλήγουσαν,
801 2567 880 2650 ήεῖς
901 2564 945 2638 τά
963 2596 993 2651 ν,
1018 2599 1176 2665 περιττο-

80 2684 255 2772 σνλλάβιας
271 2685 448 2768 κλίνονται,
466 2679 535 2753 οἷον
548 2683 688 2780 Φόρβας
704 2683 913 2779 Φόρβαντος,
928 2681 1067 2779 Κύρβας
1085 2682 1174 2779 Κύρ-
1187 2716 1223 2755 20

79 2801 210 2884 βοντος,
237 2799 369 2884 θίσβας
394 2797 599 2885 Θίσβαντος,
626 2794 773 2884 λυκάβας
803 2793 1020 2884 λυκάβαντος.
1063 2795 1113 2866 Εἰ
1142 2796 1176 2868 δὲ

79 2917 120 2997 μή
136 2915 223 2988 αύτιο
238 2915 354 3010 ἔχοιεν,
369 2910 602 3002 ι’σοσυλλόβιος
618 2913 774 2998 κλίνεται,
789 2912 858 2984 αίον
870 2910 1019 3000 Χάλβας
1032 2911 1175 3002 Χάλβα,

78 3029 202 3116 Ῥήβας
226 3029 348 3116 Ῥήβα,
367 3028 481 3115 Ἰόβας
507 3028 617 3116 Ἰόβα,
635 3023 815 3124 Βαρνάβας
839 3025 1014 3125 Βαρνάβα.
1058 3027 1175 3101 Ταῦτα

80 3143 133 3224 μὲν
148 3148 181 3215 ε’ν
197 3145 340 3221 τούτοις.

124 3259 256 3330 Ἰστέον
268 3257 323 3329 ὅτι
341 3259 406 3329 εἶσί
422 3288 495 3329 τινα
518 3261 561 3334 είς
582 3286 643 3328 m
665 3259 850 3355 ὀφείλοντα
870 3257 1035 3328 κλίνεσθαι
1061 3285 1176 3352 περιτ·
1186 3289 1220 3346 25

80 3368 307 3459 τααυλλόβως,
321 3377 420 3466 ἤγουν
436 3371 488 3446 διὰ
505 3379 565 3444 τοῦ
583 3401 636 3456 υτ,
653 3373 705 3443 καί
723 3373 807 3456 ὅμως
820 3368 1053 3457 ι’σασνλλιίβως
1068 3369 1176 3440 κλινό-

80 3519 154 3570 μενα
180 3490 245 3560 εἶσί
267 3495 383 3572 ταῦτα,
411 3489 557 3586 Σκρίβας
581 3489 726 3586 Σκρίβα,
745 3487 843 3575 Ι’Ῑβας
861 3487 957 3574 Ἶβα,
984 3481 1175 3579 Ψενθάρτας

82 3601 264 3700 ψευόάρτα,
291 3603 442 3690 Βανέβας
467 3603 614 3691 Βανέβα,
629 3605 788 3690 Ἀννίβας
805 3601 958 3688 Ἀννίβα.
1003 3599 1116 3670 Τοῦτο
1141 3597 1175 3670 δὲ

81 3721 255 3791 συστέλλει
281 3719 332 3788 καὶ
356 3718 483 3788 ἐκτείνει
510 3715 551 3789 τό
570 3716 720 3814 θίχρονον
737 3719 769 3788 ἐν
785 3723 828 3811 τῇ
854 3718 1106 3814 παραληγούση,
1121 3716 1174 3785 καί

82 3835 160 3914 ὅμως
190 3829 511 3929 τεριττοσνλλάβως
544 3835 699 3918 κλίνεται,
735 3832 802 3904 αῖον
838 3831 889 3903 διὰ
923 3838 984 3904 τοῦ
1019 3862 1071 3915 υτ,
1105 3829 1174 3901 οἷον
1184 3855 1222 3913 30

81 3949 301 4036 Ἀλύβαντος,
319 3948 407 4038 (ἔστι
426 3946 459 4018 θὲ
475 3949 589 4042 ἔθνος.)

128 4064 184 4136 Τά
202 4067 244 4141 είς
262 4093 302 4134 κν
320 4067 470 4154 λήγοντα
494 4061 683 4149 δισύλλαβα
708 4063 809 4146 μόνως
833 4065 924 4160 κύρια
943 4057 1174 4148 ι’σοσνλλάβιυς

85 4181 256 4263 κλίνονται,
267 4179 337 4249 οἷον
351 4178 469 4269 Μίγας
482 4177 595 4270 Μίγα,
609 4176 729 4268 Μίγας
742 4176 857 4268 Μέγα,
874 4175 930 4270 (τὸ
943 4177 1049 4272 κύριον
1059 4177 1174 4258 ὄνομα,

85 4301 140 4362 τοῦ
165 4293 233 4392 γάρ
258 4294 413 4366 ἐπιθέτου
434 4291 584 4385 μεγάλου
604 4295 622 4374 ή
647 4293 764 4384 γενική,
788 4293 828 4369 ύις
850 4289 918 4362 ἀπὸ
945 4299 1002 4373 τής
1026 4288 1175 4383 μεγάλας

85 4409 196 4487 ιύθείας
222 4409 428 4504 γεγενημένη,
446 4408 485 4502 ἐξ
510 4407 548 4480 ού
568 4408 619 4480 καί
644 4411 661 4489 ή
688 4409 791 4479 εύθεῖα
814 4413 878 4478 τῶν
901 4410 1122 4488 πληθυντικῶν
1142 4405 1176 4474 οί
1184 4411 1219 4470 35

618 4539 637 4581 ν·
