2954 5024
412 298 478 356 ΕΙΣ
500 297 556 357 ΤΟ
578 297 871 357 ΟΝΟΜΑΤΙΚΟΝ.
1129 312 1187 356 211

53 464 121 534 καὶ
144 461 266 534 πάλιν

253 593 283 646 τὸ
296 595 347 665 γὰρ
355 591 447 664 Ἀρενῑ
460 594 608 648 καταθανεῖν
621 594 708 647 καλόν.
725 635 730 648 .

53 695 122 764 καὶ
144 689 273 775 πάλιν,

253 815 372 889 μίξαντες
385 817 656 892 ἀλλήλοισινἈρεαα.
675 821 695 890 .)

54 931 210 1003 τούτου
235 927 334 1028 χάριν
353 927 558 1030 ἤνογκάζετο
580 929 659 1006 Ζεάς
676 927 752 1000 εἶναι
771 927 855 1000 κατά
873 931 932 1012 τὴν
949 931 1084 1022 γενικὴν,
1101 930 1212 1008 κατά5

57 1047 269 1134 ἀποβολὴν
283 1053 345 1118 τοῦ
366 1077 395 1117 τ.
447 1045 583 1118 Τούτων
600 1043 653 1116 οῦν
669 1051 735 1116 τῶν
753 1043 807 1115 δύο
833 1045 969 1116 κανόνων
985 1048 1186 1142 μαχομένων,

57 1164 222 1234 καὶτοῦ
245 1161 303 1245 μὲν
319 1160 387 1238 ένάς
411 1164 629 1238 ἀπαιτοῦντος
654 1158 888 1258 φνλάττεσθαι
915 1159 957 1231 τὸ
979 1191 998 1230 τ
1017 1160 1102 1233 κατά
1128 1164 1188 1245 τὴν

59 1277 216 1370 γενικὴν
233 1274 284 1346 διά
308 1275 352 1349 τδ
378 1281 587 1375 φυλαχθῆναι
613 1275 673 1348 τάν
696 1275 817 1374 χρόνον
839 1282 897 1357 τῆς
922 1276 1051 1360 εὐθείας,
1067 1283 1130 1347 τοῦ
1155 1277 1189 1348 δέ

62 1395 205 1491 ἑτέρον
230 1393 448 1470 ἀπαιτοῦντος
474 1391 734 1481 ἀποβάλλεσθαι
762 1391 805 1463 τά
827 1421 844 1462 τ
868 1388 954 1462 κατά
978 1393 1039 1474 τὴν
1064 1392 1188 1484 γενικὴν

62 1515 123 1602 τῷ
155 1509 259 1602 λόγῳ
283 1515 349 1580 τῶν
365 1511 407 1585 εἷς
433 1539 501 1591 ατε,
519 1506 703 1602 ἀπέλειφεν
727 1512 745 1590 ἡ
769 1507 856 1590 κοινίη
885 1507 1002 1590 κλίσις,
1027 1509 1079 1578 καί
1102 1533 1236 1606 παρ-ιο

64 1630 241 1708 εισῆλθεν
266 1628 283 1706 ἦ
308 1630 373 1696 τῶν
390 1625 544 1695 Βοιωτῶν
561 1627 678 1708 κλίσις,
698 1623 766 1695 οἷον
784 1625 864 1702 Διὸς
890 1626 951 1696 Διῒ
972 1627 1051 1710 Aia,
1076 1627 1187 1725 ὥσπερ

64 1741 268 1838 Ἀχιλλῖος
285 1739 446 1836 Ἀχιλλίΐ
458 1739 634 1836 Ἀχιλλέα.
685 1741 736 1809 Οὐ
754 1739 832 1836 γάρ,
850 1743 890 1818 ὡς
908 1739 1075 1840 νομίζουσι
1093 1743 1187 1826 τινές,

68 1855 153 1926 ἀπὸ
174 1864 234 1937 τῆς
245 1857 306 1933 Δίς
322 1857 440 1933 εὐθείας
456 1865 514 1938 τῆς
530 1858 668 1939 κειμένης
685 1854 777 1953 παρά
794 1864 842 1947 τῷ
855 1857 1003 1929 Ῥίνθωνι
1021 1859 1152 1950 ἐγένετο
1171 1863 1188 1939 ἡ

72 1971 171 2050 Διὸς
190 1973 306 2063 γενικίη,
323 1970 435 2069 ὥσπερ
460 1970 528 2043 ἀπὸ
554 1979 617 2043 τοῦ
641 1973 687 2049 κίς
704 1971 779 2056 κιδς,
798 1970 958 2062 (σημαίνει
977 1972 1011 2044 δὲ
1029 1972 1090 2046 τάν
1108 1977 1190 2044 σκώ-

72 2092 201 2182 ληκα,)
218 2089 270 2158 καί
288 2087 356 2160 ἀπά
372 2095 434 2162 τοῦ
450 2097 501 2166 λῖς
518 2085 589 2165 λιάς
606 2087 766 2179 (σημαίνει
785 2087 819 2158 δέ
835 2086 895 2158 τάν
911 2089 1059 2183 λέοντα)
1077 2089 1190 2166 ἐκεῖνος
1202 2109 1235 2169 15

75 2203 158 2300 γὰρ
176 2203 237 2286 τὴν
255 2205 315 2282 Δίς
337 2206 458 2276 εὐθεῖαν
483 2201 660 2276 ἐπλάσατο
683 2205 767 2300 πρὸς
796 2205 856 2286 τάν
882 2202 963 2279 Διάς
988 2205 1122 2295 γενικὴν,
1138 2206 1190 2274 ἰ’να

79 2324 231 2412 νομισθῇ
261 2321 440 2397 ἀκόλουθος
467 2319 543 2392 εἶναι
575 2323 592 2402 ἡ
623 2325 742 2412 γενικῆ.
786 2317 869 2391 Ὅτι
901 2318 968 2417 γάρ
995 2322 1032 2391 οὐ
1059 2319 1190 2391 δύναται

80 2435 169 2506 εἶναι
197 2433 312 2516 ἦΔιάς
338 2437 445 2528 γενικὴ
470 2434 538 2506 ἀπά
563 2443 621 2517 τῆς
647 2437 766 2512 εὐθείας
789 2444 848 2518 τῆς
866 2437 926 2512 Δὶς
950 2436 1075 2534 εἴρηται
1101 2437 1133 2506 έν
1148 2445 1192 2529 τῇ

80 2553 163 2650 περὶ
182 2556 245 2621 τοῦ
262 2549 410 2647 Πάριδος
427 2549 632 2640 διδασκαλίᾳ.
684 2550 802 2622 Ταῦτα
818 2550 876 2634 μὲν
893 2553 925 2622 έν
941 2553 1083 2629 τούτοις.

139 2667 270 2737 Ἰστέον
288 2665 322 2737 δέ
347 2667 400 2738 ὅτι
427 2665 470 2737 τά
497 2670 540 2744 εἷς
564 2697 621 2738 ατε
646 2671 799 2759 λήγοντα
825 2665 880 2737 ε’ἀν
896 2672 1073 2764 καθαρεῦον
1089 2669 1191 2763 ἔχωσι
1203 2692 1240 2731 20

83 2782 130 2854 τὸ
150 2814 183 2864 ε,
200 2783 356 2854 τουτέστι
379 2783 423 2866 μὴ
449 2783 527 2878 ἔχον
543 2781 789 2879 προηγούμενον
806 2783 992 2878 σύμφωνον,
1010 2790 1194 2878 συναιροῦν-

83 2929 145 2970 ται
174 2897 259 2969 κατὰ
284 2900 344 2980 τὴν
368 2899 492 2991 γενικὴν
514 2899 573 2980 τὴν
588 2897 750 2980 Ἀττικὴν
775 2896 867 2995 παρά
898 2907 968 2975 τοῖς
995 2896 1191 2981 Ἀθηναίοις,

86 3013 160 3085 οἷον
178 3013 362 3110 Ἐρετριεύς
377 3013 573 3111 Ἐρετριέως
587 3012 779 3109 Ἐρετριῦις,
796 3019 858 3085 τοῦ
876 3045 894 3084 ιι
915 3015 966 3084 καὶ
991 3045 1011 3085 α
1034 3017 1076 3092 είς
1101 3013 1143 3086 τά
1170 3045 1191 3086 ο

86 3129 290 3226 κιρναμένων,
321 3133 359 3204 ὡς
388 3129 487 3198 ποιέω
517 3135 610 3210 ποιῶ,
638 3129 714 3198 νοέω
743 3134 812 3198 νοῶ·
856 3128 911 3200 ε’ἀν
946 3129 979 3201 δέ
1012 3133 1056 3213 μὴ
1090 3133 1190 3227 ἔχωσι

87 3251 267 3340 καθαρεῦον
304 3243 346 3314 πά
381 3275 410 3326 ε,
446 3245 522 3314 ἀλλ’
556 3245 622 3339 ἔχει
660 3247 906 3340 προηγούμενον
939 3249 1125 3343 σύμφωνον,
1155 3248 1237 3328 οὐ25

12 3362 217 3452 ¹9b71'vera1
239 3364 352 3454 κρᾶσις
377 3357 461 3429 κατὰ
487 3361 545 3440 τὴν
564 3359 698 3450 γενικὴν,
717 3361 793 3431 οὐτε
816 3364 895 3456 παρ’
914 3365 986 3442 ἡμῖν
1004 3365 1080 3431 οὐτε
1100 3361 1191 3454 παρὰ

88 3487 161 3553 τοῖς
179 3474 374 3558 Ἀθηναίοις,
395 3472 465 3545 οἷον
485 3473 665 3570 Ἀχιλλεύς
680 3473 878 3570 Ἀχιλλέως,
898 3475 1026 3558 Πηλεὺς
1044 3477 1191 3566 Πηλέως,

89 3590 248 3677 βασιλεὺς
264 3590 437 3676 βασιλέως·
463 3589 515 3658 καὶ
533 3590 592 3671 τὴν
610 3590 717 3660 αἰτίαν
734 3591 766 3658 έν
782 3597 826 3684 τῇ
848 3590 922 3687 περὶ
940 3597 1001 3661 τοῦ
1017 3589 1087 3672 ἡδύς
1104 3590 1192 3662 διδα-

90 3707 213 3796 σκαλίᾳ
231 3708 260 3776 εἰ
276 3709 336 3796 θεῷ
355 3705 458 3802 φίλον
475 3706 702 3788 μαθησόμεθα.

142 3823 350 3920 Πρόσκειται
377 3824 487 3892 “ούτε
522 3823 600 3918 παρ’
644 3825 717 3906 ημῖν
749 3825 825 3894 οὐτε
859 3822 950 3920 παρὰ
982 3835 1053 3901 τοῖς
1087 3823 1237 3909 Ἀθη-3ο

92 3939 221 4018 ναίοις,”
246 3935 353 4019 ἐπειδὴ
376 3935 467 4034 παρά
494 3947 565 4013 τοῖς
588 3939 766 4034 Δωριεῦσιν
788 3940 840 4008 καὶ
867 3949 938 4015 τοῖς
955 3939 1052 4011 Ἴωσι
1076 3945 1190 4037 κρᾶσις

92 4055 218 4146 γίνεται
249 4053 302 4122 ἐπὶ
335 4053 460 4122 τούτων
494 4051 579 4123 κατὰ
612 4054 672 4134 τὴν
706 4055 831 4146 γενικὴν
860 4061 921 4126 τοῦ
955 4085 974 4127 α
1008 4057 1060 4126 καὶ
1098 4089 1116 4126 ο
1147 4059 1190 4133 εἷς

91 4171 150 4251 την
185 4199 223 4240 ετ
256 4167 458 4264 δίφθογγον,
493 4167 561 4238 οἷον
595 4175 655 4238 τοῦ
690 4167 869 4247 Ὀδυσσέος
908 4177 970 4242 τοῦ
1002 4171 1189 4256 Ὀδνσσεῦς,

92 4287 174 4378 [Οᾱ-
192 4285 235 4355 ω’·
254 4285 346 4377 397·]

254 4416 401 4472 Ὀδνσσεῦς
414 4417 504 4484 λαβιδν
518 4415 581 4472 κύσε
594 4416 659 4488 χεῖρ’
670 4421 711 4472 ἐπὶ
725 4423 822 4491 καρπῷ,
1199 4429 1236 4486 35

617 4531 669 4574 ΕΘ
686 4531 703 4576 2
