2954 5020
275 309 316 392 78
567 311 770 374 ΓΕΩΡΓΙΟΤ
792 309 1085 372 ΧΟΙΡΟΒΟΣΚΟΎ
1385 303 1475 402 KQ

268 480 321 553 καῖ
339 479 431 579 παρὰ
448 479 619 558 Ἀττικοῖς
636 478 782 574 ὀξύνεται
805 479 858 551 καῖ
885 483 1025 562 θηλυκῶς
1048 479 1198 572 λέγεται.
1250 475 1377 550 Ταῦτα

269 599 345 697 περὶ
361 603 427 669 τῶν
443 593 663 684 δισυλλάβων.

275 797 278 806 Ι
321 710 377 784 Τὰ
395 711 429 784 δέ
445 712 525 809 ὑπὲρ
543 711 598 783 δύο
615 708 802 800 συλλαβάς,
818 708 981 808 μετοχικὰ
1002 709 1061 793 μέν
1078 711 1171 795 ὄντα,
1185 707 1237 782 διὰ
1253 713 1316 782 τοῦ
1330 738 1376 780 m·

270 831 446 912 κλίνονται,
463 829 516 899 καῖ
534 827 687 912 δηλονότι
702 829 863 926 τρέπουσι
880 826 923 900 τὸ
946 859 967 899 α
987 829 1030 906 εῖς
1045 823 1089 899 τό
1107 858 1126 898 o
1144 827 1177 897 έν
1193 833 1237 921 τῇ
1251 833 1375 922 γενικῇ,

270 943 340 1018 οἷον
365 945 499 1018 Φαέθων
516 945 722 1026 Φαέθοντος,
749 943 1015 1042 Πυριφλεγέθων
1037 943 1402 1042 Πυριφλεγέθοντος,5

272 1060 527 1158 Πολυσπέρχων
555 1060 873 1158 Πολυσπέρχοντος·
924 1061 1100 1157 παρώνυμα
1131 1059 1165 1130 δέ
1194 1061 1286 1143 ὄντα,
1317 1058 1374 1134 θιῖι

270 1182 333 1250 τοῦ
358 1207 379 1248 α
403 1178 582 1262 κλίνονται,
608 1177 677 1249 οῖον
703 1173 830 1269 ἁγαθός
855 1172 990 1268 άγάθων
1007 1173 1212 1269 Ἀγάθωνος,
1230 1178 1376 1256 κίναιθος

272 1293 435 1366 Κιναίθων
452 1294 660 1372 Κιναίθωνος.
712 1290 766 1364 Τό
782 1293 960 1389 ἐνοσίχθων
976 1293 1185 1389 ἐνοσίχθονος
1201 1290 1253 1364 διὰ
1270 1300 1335 1364 τοῦ
1353 1325 1374 1366 ο

271 1408 380 1482 κλιθέυ
405 1417 468 1481 τοῦ
496 1413 619 1495 ἁπλοῦ,
644 1408 731 1506 φημῖ
758 1407 795 1491 δίη
821 1414 882 1480 τοῦ
907 1407 996 1505 χθιῖν
1020 1406 1151 1505 χθονός,
1176 1409 1235 1492 τῖην
1261 1409 1375 1481 κλίσιν

271 1525 445 1624 ἐφύλαξεν,
462 1526 640 1622 ἐνοσίχθων
657 1524 692 1596 θέ
707 1527 800 1596 ἐστιν
816 1526 835 1596 ό
852 1526 912 1609 τὴν
928 1532 990 1619 γῆν
1006 1530 1107 1598 κινῶν.
1387 1543 1422 1584 ¹0

188 1652 284 1737 64b¹
324 1640 379 1713 Τὰ
402 1645 445 1721 είς
466 1671 510 1714 αιι
533 1645 686 1735 λήγοντα
709 1640 899 1730 δισύλλαβα
921 1641 1101 1738 βαρύτονά,
1118 1642 1241 1738 ἔχοντα
1261 1637 1376 1734 ψιλόν

272 1760 447 1858 σύμφωνον
477 1755 545 1857 πρό
573 1763 636 1830 τοῦ
664 1788 697 1842 α,
715 1753 927 1856 φυλάττουσι
955 1754 998 1829 τό
1028 1788 1049 1829 α
1071 1757 1125 1828 ε’πῖ
1153 1765 1212 1840 τῆς
1236 1766 1375 1850 γενικῆς.

272 1875 366 1948 Ψιλὰ
385 1875 419 1946 δὲ
435 1875 497 1946 εῖσῖ
515 1876 593 1971 τρία
616 1905 650 1960 ιι,
668 1905 703 1960 ιι,
720 1905 750 1946 τ.
785 1874 974 1946 Ἔστωσαν
991 1872 1025 1945 δέ
1037 1873 1293 1971 παραδείγματα
1309 1881 1377 1946 τοῦ

272 1990 402 2068 κανόνος
421 1995 539 2062 ταῦτα·
567 1987 711 2061 Χόλκων
732 1987 922 2075 Χάλκωνος,
941 1992 1029 2082 (ἔστι
1054 1988 1088 2062 δέ
1110 1991 1214 2074 ὄνομα
1236 1991 1374 2088 κύριον,)

273 2105 426 2177 Γλαύκων
453 2106 651 2191 Γλαύκωνος,
681 2103 801 2178 Λάκων
831 2104 997 2189 Λάκωνος,
1025 2106 1057 2196 (ό
1088 2103 1373 2200 Λακεθαιμόνιος,)
1390 2143 1400 2182 ι
1406 2143 1423 2200 5

273 2222 408 2320 Δόρκων
432 2223 611 2319 Δόρκωυος,
633 2223 769 2294 Κνάκων
794 2220 974 2306 Κνάκωνος,
1001 2222 1068 2310 (καῖ
1093 2221 1248 2299 ὁλευκὸς
1272 2223 1326 2293 καῖ
1352 2225 1373 2292 ὁ

272 2336 420 2437 πυρρός,)
438 2336 591 2422 Λάμπων
609 2337 809 2426 Λάμπωνος,
828 2340 915 2430 (ἔστι
934 2337 968 2410 δὲ
985 2340 1088 2418 ὄνομα
1104 2339 1238 2436 κύριου,)
1257 2337 1376 2409 Πλού-

272 2483 336 2524 των
355 2452 564 2535 Πλούτωνος,
587 2452 621 2542 (ὁ
639 2451 767 2540 Ἅιδης,
782 2453 881 2552 παρὰ
902 2453 945 2526 τό
962 2463 1120 2527 πλουτεῖν
1136 2461 1373 2551 τοῖς,νεκροῖς,)

274 2562 424 2638 Πλάτων
451 2565 647 2653 Πλάτωνος,
673 2567 797 2642 Μέτων
819 2569 986 2655 Μέτωνος,
1013 2571 1176 2661 (ὀνόματα
1203 2569 1237 2642 θῖ
1263 2577 1373 2642 ταῦτα

271 2685 388 2782 κύρια,)
408 2684 532 2755 Μύκων
549 2684 708 2764 Μέτωνος
730 2686 762 2777 (ὁ
781 2687 1033 2784 Μιτυληναῖος,)
1052 2686 1179 2760 Κάτων
1197 2683 1373 2773 Κάτωνος,
1385 2725 1423 2764 20

273 2800 408 2874 Καύκων
437 2801 619 2886 Καύκωνας,
650 2801 754 2892 (ἔθνος
784 2801 819 2874 δέ
846 2806 927 2874 εἰσιν
957 2807 991 2875 οῖ
1018 2803 1209 2898 Καύκωνες,)
1240 2800 1373 2900 δρόπων

272 2914 448 3015 θράπωνος,
478 2918 510 3008 (ὁ
538 2917 711 3014 δραπέτης,
737 2921 1018 3015 ὑποκοριστικῶς)
1049 2915 1172 2990 Σάπων
1202 2916 1373 3000 Σόπιονος,

273 3035 412 3104 Δούπων
430 3033 613 3116 Δούπωνος,
633 3030 690 3126 (εἷς
715 3039 780 3106 τῶν
805 3036 1009 3133 κενταύρων,)
1022 3033 1165 3132 Ἔρπιον
1183 3034 1372 3130 Ἕρπωνος,

274 3151 391 3240 (ὄνομα
415 3149 548 3246 κύριον,)
571 3147 693 3221 Δύπων
717 3148 885 3234 Δύπωνος,
910 3152 977 3242 (καῖ
1002 3149 1084 3223 αύτό
1110 3152 1213 3235 ὄνομα
1238 3152 1372 3249 κύριον.)

273 3265 328 3338 Τό
345 3265 464 3349 Κίκων,
481 3267 587 3365 κύριον
603 3266 661 3351 μὲν
679 3265 728 3352 θν,
746 3264 914 3364 φυλάσσει
931 3265 974 3340 τό
996 3299 1018 3340 α
1033 3269 1066 3340 έν
1087 3274 1131 3363 τῇ
1154 3273 1267 3362 γενικῇ,
1284 3264 1372 3340 κατὰ
1384 3301 1420 3360 25

272 3383 334 3458 τόν
357 3384 474 3456 κανόνα
499 3391 631 3472 τοῦτον,
652 3381 721 3456 οῖον
742 3384 897 3469 Κίκωνος,
913 3381 1035 3466 ε’θνικόν
1057 3382 1092 3456 δέ
1116 3383 1296 3477 λεγόμενον
1319 3381 1373 3456 διὰ

272 3508 335 3574 τού
360 3533 378 3572 ο
405 3502 560 3588 κλίνεται,
586 3499 788 3598 παραλόγως
814 3497 858 3585 δέ,
884 3502 924 3578 ὡς
952 3497 1045 3598 παρά
1069 3505 1118 3592 τῷ
1144 3505 1278 3594 ποιητῇ,
1302 3497 1374 3572 οῖον

279 3623 360 3707 [od.
378 3616 408 3689 ι’·
425 3622 483 3706 47]

598 3719 702 3775 Κίκονες
715 3720 836 3774 Κικόνκσι
848 3721 987 3792 γεγωνεῦν.

274 3849 336 3918 Δεῖ
352 3849 543 3943 προσθεῖναι
561 3847 594 3916 έν
609 3852 658 3937 τῷ
675 3847 793 3932 κανόνι,
810 3847 854 3933 μῖη
872 3849 953 3920 ὅντα
970 3847 1060 3920 κοινά
1076 3855 1126 3941 τῷ
1144 3851 1241 3943 γένει,
1259 3847 1312 3921 διὰ
1329 3848 1420 3928 τό30

273 3965 396 4049 πέπων,
419 3963 577 4053 (σημαίνει
602 3960 717 4040 θὲτόν
739 3966 1070 4062 προσφιλέστατον,)
1096 3967 1149 4038 καί
1175 3967 1294 4059 γείτων
1318 3967 1372 4038 καῖ

273 4080 404 4151 τέκτων·
430 4084 538 4151 ταῦτα
564 4077 633 4176 γάρ
657 4079 817 4176 τρέπουσι
843 4079 885 4152 τό
910 4113 931 4154 ιι
955 4085 997 4160 εἰς
1019 4079 1062 4154 τό
1089 4114 1108 4154 ο
1132 4085 1164 4154 ε’ν
1186 4089 1230 4177 τῇ
1251 4089 1372 4178 γενικῇ,

273 4191 342 4266 οῖον
358 4193 509 4276 πέπονος,
528 4195 685 4286 γείτονος,
702 4195 864 4279 τέκτονας,
883 4193 973 4268 άλλά
999 4195 1089 4269 κοινά
1115 4201 1178 4270 είσι
1200 4203 1249 4290 τῷ
1274 4200 1373 4292 γένει,

471 4307 480 4332 λ
567 4310 575 4336 λ
602 4313 610 4338 Ο
665 4311 673 4338 Ι
769 4311 778 4335 9

272 4313 292 4382 ὁ
310 4311 421 4382 πέπων
439 4340 507 4408 γαρ
523 4341 576 4382 και
594 4343 612 4392 η
630 4343 750 4393 πεπων,
762 4313 836 4384 αντῖ
851 4319 914 4385 τοῦ
930 4316 948 4396 ἦ
965 4313 1263 4412 προσφιλεστάτη,
1280 4319 1335 4390 καῖ
1353 4319 1372 4388 ὁ

274 4425 390 4518 γείτων
406 4423 457 4496 καῖ
476 4427 494 4507 ἡ
512 4424 640 4518 γείτων,
653 4425 705 4496 καῖ
722 4425 741 4496 ὁ
758 4425 880 4499 τέκτων
891 4427 943 4500 καῖ
963 4431 981 4512 ἦ
998 4429 1129 4502 τέκτων.
1163 4428 1371 4528 Πρόσκειται
1381 4455 1418 4514 35
