2958 5018
421 333 487 394 ΕΙΣ
509 334 565 394 ΤΟ
587 332 878 393 ONOMATIKON.
1131 343 1189 412 291

54 496 338 586 μεταπλασμδν
367 501 529 576 πέπονθον
558 505 576 584 ή
604 499 715 584 δοτική
744 507 810 572 τῶν
843 502 958 584 ἑνικῶν,
987 500 1040 572 καὶ
1072 499 1195 572 τούτου

57 613 190 713 χάριν
209 619 253 694 οἷς
269 645 307 688 ιιι
321 621 430 709 λήγιι.

126 743 154 776 “
168 731 258 810 Τοῖς
273 732 432 806 λέουσιν.“

55 881 59 886 ·
130 845 237 918 'Aah
265 857 324 930 τῆς
353 847 481 930 δοτικῆς
504 853 570 919 τᾶν
589 849 698 918 ἑνικῶν
720 843 920 944 καυονέζεται
947 849 965 928 »5
991 844 1103 929 δοτική
1127 853 1193 919 τῶν

64 966 316 1048 πληθυπικῶν
339 963 448 1053 τούτῳ
473 967 523 1054 τῷ
553 962 681 1059 τρόπῳ·
725 963 820 1036 πᾶσα
844 960 955 1044 δοτική
981 962 1086 1034 ένικῶν
1112 963 1190 1038 οἶοι
1221 992 1237 1051 5

64 1079 331 1173 ἐκφωνοάμονον
354 1083 519 1170 λήγουσα,
548 1073 616 1174 πρὸ
646 1082 708 1148 τοῦ
737 1105 748 1148 1
774 1072 994 1164 λαμβάνουσα
1016 1074 1059 1147 τδ
1084 1107 1112 1160 2,
1138 1077 1190 1148 καὶ

65 1190 341 1281 ἀποβάλλοντα
366 1191 411 1265 τά
433 1194 479 1277 μῆ
504 1190 657 1274 δυνάμενα
679 1190 738 1264 σὺν
755 1191 842 1282 αὐτῷ
865 1192 1077 1289 ε’κφανιῖσθαι
1096 1221 1193 1268 στοι-

69 1319 177 1405 χεῖα,
194 1308 256 1392 τῆν
272 1307 401 1390 δοτικήν
418 1312 483 1379 τῶν
505 1311 728 1390 πληθυντικῶν
744 1315 842 1391 ποιοῖ,
860 1307 941 1403 ὄφει·
963 1307 1075 1404 ὄφεσι,
1093 1307 1196 1378 τέλεϊ

70 1425 226 1509 πόλεσι,
251 1424 376 1520 βότρυι·
400 1423 555 1520 βότρυσι,
586 1419 711 1519 Πάριδι
743 1419 885 1520 Πάριοι,
912 1421 1025 1495 θέτιδι
1061 1422 1191 1508 Θέτισι,

75 1537 254 1612 Πλάτωνι
282 1536 459 1620 Πλάτωσι,
483 1537 631 1620 Μέμνονι
656 1537 822 1622 Μέμνοσι,
841 1536 989 1636 Ἕκτορι
1009 1535 1190 1636 Ἔκτορσι,
1205 1579 1239 1618 10

77 1654 246 1753 Νέστορι
277 1654 464 1749 Νέστορσι·
496 1652 596 1730 οὕτως
626 1651 680 1725 οὖν
708 1653 761 1723 καὶ
794 1653 904 1724 λέοντι
931 1653 1054 1735 λέουσι,
1082 1659 1143 1726 τοῦ
1173 1683 1191 1724 ι

76 1771 352 1867 προσελθόντος,
381 1770 433 1840 καὶ
467 1769 726 1856 ἆποβληθέντον
754 1773 820 1840 τῶν
851 1770 896 1852 μῆ
931 1767 1104 1854 δυναμένων
1133 1769 1191 1840 σὺν

78 1887 178 1976 αθτῷ
195 1888 412 1982 ἐκφωνηθῆναι
431 1885 614 1981 στοιχείων,
632 1885 720 1982 φημὶ
737 1882 773 1966 δῆ
790 1891 852 1956 τοῦ
868 1915 889 1956 υ
907 1886 959 1956 καὶ
976 1892 1038 1958 τοῦ
1053 1915 1082 1960 τ.
1123 1884 1189 1958 Διδι

81 2007 195 2086 τοῦτο
219 2001 253 2072 δέ
272 2006 290 2084 »5
312 2003 423 2072 λέουσι
450 2000 561 2084 δοτική
583 1999 626 2073 τὸ
644 2031 663 2070 υ
680 2002 902 2098 προσέλαβον,
920 1999 1028 2085 ἐπειδή
1047 2005 1065 2084 ή
1081 2033 1191 2101 παρα·

82 2121 243 2208 λήγουσα
258 2125 317 2200 τῆς
333 2115 460 2199 δοτικῆς
475 2121 541 2188 τῶν
557 2119 778 2197 πληθυντικῶν
791 2117 829 2186 οὗ
841 2117 928 2188 θέλει
946 2115 1023 2189 εἶναι
1040 2115 1190 2191 έλάττιον
1201 2149 1235 2212 15

82 2241 148 2315 τῆς
165 2234 421 2330 παραληγαῦσης
436 2237 501 2304 τῶν
518 2229 629 2301 ἄλλον
645 2233 811 2312 πτώσεων,
825 2231 904 2302 ἀλλ’
920 2232 939 2314 ή
955 2231 1011 2316 ἴση
1028 2231 1047 2315 ῆ
1063 2230 1189 2332 μοέζων.

77 2348 165 2431 Ἰση
190 2343 258 2432 μὲν,
282 2345 362 2432 οἵου,
384 2348 524 2434 λέβητος
549 2348 700 2434 λεβήτων
722 2346 843 2435 λέβησι
869 2346 1016 2435 λέβητας
1040 2349 1190 2436 λέβητες,

90 2459 250 2559 Λάχητος
284 2461 454 2558 Λαχήτων
483 2459 622 2558 Λάχησι
655 2458 820 2558 Λάχητος
848 2459 1016 2558 Λάχητος,
1047 2459 1192 2560 Πάριδος

92 2576 248 2674 Παρέδιον
264 2574 393 2675 Πάριαι
412 2574 564 2674 Πάριδος
581 2575 736 2674 Πάριδος,
753 2579 877 2657 ἆκτῖνος
902 2581 1037 2652 ἆκτέναν
1061 2581 1192 2654 ἆκτΐσιν

91 2723 221 2770 ακτινας
236 2723 359 2770 ακτινος
394 2689 512 2791 μείζων
529 2691 573 2775 δέ,
587 2689 667 2777 οἷον,
678 2692 845 2791 Ἕκτορος
857 2695 1031 2790 Ἐκτόριεν
1040 2693 1191 2790 ’Έκτορ-
1201 2729 1238 2769 ιο

92 2839 148 2879 σιν
164 2807 518 2906 ἝκτοραςἝκτορις,
536 2807 710 2906 Νέστορος
726 2809 909 2904 Νεστόρων
926 2809 1104 2904 Νέστορσι
1122 2808 1191 2878 Νέ-

94 2953 218 3021 στορος
243 2923 424 3020 Νέστορος·
450 2924 505 2994 ἐπὶ
528 2925 653 2995 τούτου
671 2921 740 3020 γὰρ
757 2928 775 3006 »5
795 2923 854 3008 μέν
870 2929 1115 3022 παραλήγουσα
1131 2933 1190 3007 τῆς

97 3038 219 3122 δοτικῆς
245 3039 331 3110 θέσοι
356 3037 466 3136 μακρά
491 3039 592 3121 έστὶν,
616 3043 634 3121 »5
660 3038 696 3110 δέ
719 3045 965 3138 παραλήγουσα
991 3045 1056 3112 τῶν
1078 3038 1190 3112 ἄλλων

96 3157 248 3225 πτώσεων
272 3154 370 3252 φήσει
399 3156 554 3251 βραχεῖα,
581 3154 625 3228 τὸ
651 3153 685 3226 δὲ
712 3156 800 3228 θέσει
829 3155 954 3254 μακρὸν
979 3153 1092 3256 μεῖζον
1114 3155 1189 3228 ἐστὶ

97 3275 158 3342 τοῦ
180 3271 274 3366 φύσει
300 3269 457 3367 βραχέος·
499 3270 552 3340 καὶ
577 3267 690 3352 πάλιν,
718 3269 860 3348 Αἴαντος
885 3269 1039 3342 Αἷάντων
1063 3269 1234 3371 Αἵασινη5

98 3384 238 3462 Λέοντος
262 3385 416 3470 Αἴαντος,
447 3385 593 3463 θάαντος
619 3383 777 3458 Θοάντων
802 3387 912 3456 Θόασι
943 3385 1096 3462 θέοντας
1121 3384 1189 3455 θό-

99 3527 192 3576 αντος·
225 3500 279 3570 ἐπὶ
308 3501 433 3572 τούτων
462 3499 531 3597 γὰρ
562 3504 580 3582 »5
614 3499 672 3583 μέν
697 3505 942 3594 παραλήγουσα
971 3507 1030 3581 τῆς
1062 3499 1189 3582 δοτικῆς

16 3637 49 3705 50
64 3641 85 3682 a
101 3616 188 3711 φύσει
211 3613 320 3711 μακρά
346 3616 447 3698 ε’στιν,
465 3619 483 3698 »5
502 3615 535 3686 δὲ
557 3619 802 3712 παραλήγουσα
823 3619 888 3685 τῶν
905 3612 1016 3684 ἄλλων
1033 3615 1190 3686 πτώσεων

102 3731 180 3802 θέσει
193 3728 300 3826 μακρά
318 3732 403 3814 ἔστι,
420 3729 464 3802 τὸ
481 3730 515 3802 δέ
531 3731 629 3828 φήσει
647 3727 771 3828 μακρὸν
786 3727 900 3829 μεῖζον
916 3727 990 3800 έστλ
1015 3733 1078 3799 τοῦ
1101 3727 1188 3800 θέσει

102 3851 223 3942 μακροῦ·
248 3847 300 3916 καὶ
322 3844 435 3928 πάλιν,
460 3845 588 3928 Πηλέος
612 3843 751 3926 Πηλέον
779 3845 928 3928 Πηλοῦσι
956 3843 1090 3927 Πηλέος
1115 3843 1189 3928 Πη-
1197 3883 1236 3937 30

103 3960 173 4039 λέος,
196 3961 360 4046 βασιλέων
389 3963 566 4048 βασιλεῦσι
596 3959 758 4046 βασιλέας
784 3959 949 4046 βασιλέος·
980 3959 1034 4028 ἐπὶ
1064 3959 1189 4032 τούτων

104 4073 194 4170 γὰρή
213 4074 271 4160 μέν
287 4081 531 4172 παραλήγουσα
556 4083 614 4158 τῆς
640 4074 767 4157 δοτικῆς
791 4075 889 4172 φήσει
914 4071 1024 4171 μακρά
1049 4075 1188 4156 έστιν,ή

105 4187 383 4286 δέταραλήγουσα
404 4195 471 4259 τῶν
487 4188 598 4260 ἄλλων
614 4191 770 4262 πτώσεων
788 4190 886 4285 φύσει
909 4191 1066 4286 βραχεῖα,
1083 4185 1128 4260 τδ
1154 4187 1189 4258 δέ

106 4305 189 4402 φήσει
220 4303 344 4402 μακρδν
375 4301 487 4404 μεῖζον
520 4305 594 4378 ἐστὶ
620 4311 682 4376 τοῦ
710 4307 807 4402 φύσει
842 4305 1000 4402 βραχέος.
1051 4303 1188 4374 Τοθτιον

107 4419 191 4498 οθτυς
217 4421 368 4518 ἐχόντων,
395 4424 423 4492 α’
448 4423 495 4504 ,μή
524 4419 721 4516 προσέλαβε
749 4417 791 4489 τδ
822 4449 841 4490 τ
872 4421 890 4499 »5
919 4417 1031 4491 λέουσι
1062 4417 1232 4522 δυτικῆ,35

602 4551 692 4618 ιρι
