2954 5020
196 335 202 348 ·
303 307 344 372 82
593 309 795 371 κυουιιοκ
817 287 1109 374 κοιυοιιουκον
1411 299 1471 366 και

301 487 362 566 τῇς
385 481 515 576 πρώτης
540 479 737 572 συλλαβῆς)
755 474 951 575 ἐφυλάξατο
974 474 1094 548 αιἰτάὁ
1119 477 1229 546 κανόν.
1281 471 1404 570 Πρόσ-

301 625 404 667 κειτοι
423 606 444 636 “
454 594 577 690 ἔχοντα
594 593 654 676 τὴν
670 591 738 691 πρὸ
754 593 871 670 τίλους
888 594 930 670 είς
946 591 990 664 τὸ
1008 621 1027 662 ιι
1045 590 1332 683 καταλήγουσαν,”
1350 587 1403 659 διὰ

301 706 345 781 πθ
371 705 480 801 άντυξ·
506 713 611 779 τοῦτο
629 705 698 804 γάρ
715 708 770 777 οὐκ
786 707 854 802 ἔχει
878 707 938 789 τὴν
953 703 1022 802 πρὸ
1037 705 1153 782 πίλους
1170 705 1344 790 συλλαβὴν
1360 706 1405 780 εἷς

304 854 325 896 ιι
342 825 608 914 καταληγουσαν,
630 821 706 892 ἀλλ’
731 825 774 898 είς
801 851 832 903 ιι,
852 818 968 914 (ἀνπυξ
988 820 1023 892 δέ
1049 823 1141 893 ἔστιν
1165 824 1183 902 ἡ
1209 817 1404 914 περιφέρεια

303 943 365 1010 τοῦ
381 935 556 1033 ἀρμαπος,)
567 933 611 1007 τά
629 935 663 1007 ἀὲ
679 934 794 1030 άμπυξ
808 934 964 1020 ἅμπυκος,
978 933 1030 1007 διὰ
1047 941 1109 1006 τοῦ
1125 963 1145 1004 κ
1163 931 1272 1004 κλιθέν
1287 932 1342 1002 καί
1357 934 1428 1015 uis

303 1054 382 1150 ἔχον
398 1052 458 1134 τὴν
474 1048 543 1148 πρὸ
564 1052 680 1129 τέλους
701 1053 875 1139 συλλαβὴν
891 1053 935 1128 είς
950 1050 993 1122 τὸ
1011 1080 1031 1122 ιι
1048 1053 1313 1141 καταλόγουσαν,
1330 1059 1404 1125 τοῖς

302 1172 521 1266 προλεχθεῖσι
538 1169 669 1240 κανόσιν
685 1165 929 1256 ὑποβάλλεται.
982 1165 1189 1264 Πρόσκειται
1207 1176 1227 1206 “
1238 1165 1284 1246 μι)
1300 1165 1404 1256 λεγό-

301 1313 382 1367 μενα
399 1284 569 1381 ἀρσενικῶς
585 1285 637 1355 καί
657 1285 825 1367 θηλυκῶς,”
842 1281 894 1354 διὰ
918 1281 962 1354 τὸ
986 1278 1126 1379 φάρυγξ
1141 1276 1331 1377 φάρυγγος,
1349 1277 1402 1350 θιά

301 1405 364 1470 τοῦ
391 1429 408 1470 υ
433 1399 552 1471 κλιθέν·
590 1405 695 1472 τοῦτο
723 1395 791 1495 γάρ
822 1399 992 1494 ἀρσενικῶς
1023 1395 1082 1480 μὲν
1110 1393 1202 1492 παρὰ
1230 1395 1402 1491 Δωριεῦσι,

302 1518 442 1598 θηλυκῶς
476 1513 510 1585 δὲ
542 1512 635 1612 παρὰ
665 1513 851 1598 Ἀθηναίοις
883 1513 1032 1605 λέγεται.
1088 1511 1295 1608 Πρόσκειται
1324 1511 1401 1594 “ab
1416 1543 1449 1582 ιο

300 1633 423 1729 ἔχοντα
441 1630 509 1728 πρὸ
525 1637 586 1703 τοῦ
604 1659 624 1704 α
641 1629 684 1702 τὸ
703 1631 750 1712 τ,”
766 1626 874 1712 ἔπειθε)
899 1634 1007 1700 ταῦτα
1032 1625 1083 1700 διὰ
1108 1635 1171 1700 τοῦ
1194 1657 1212 1698 υ
1234 1627 1402 1698 κλίνονται

300 1749 455 1831 καθολου,
473 1745 542 1819 οίον
566 1744 701 1846 λάρυγξ
725 1743 909 1842 λάρυγγος,
929 1740 1086 1842 ἀμόρυγξ
1103 1741 1308 1842 ἀμόρυγγος,
1330 1743 1402 1834 (ἐπὶ

300 1863 430 1940 ἀκτῖνος
446 1863 498 1933 καί
516 1861 726 1944 λαμπηδόνος
747 1861 800 1932 καί
822 1861 951 1957 ὄφεως,)
971 1857 1091 1953 πῶῦγξ
1110 1862 1278 1952 πιόΰγγος,
1295 1858 1404 1955 στόρ·

302 1975 390 2070 θυγξ
404 1977 627 2075 στόρθυγγος,
646 1976 806 2067 (σημαίνει
824 1973 858 2046 θὲ
874 1977 940 2045 πᾶν
957 1975 1000 2052 είς
1016 1972 1073 2069 ὀξὺ
1089 1979 1222 2068 λῆγον.)

351 2089 407 2162 Τὰ
433 2093 476 2169 είς
500 2118 540 2165 να
563 2090 644 2187 ὑπὲρ
662 2089 717 2162 θόο
741 2087 925 2178 συλλαβάς,
943 2089 1203 2186 παραληγόμενα
1225 2093 1275 2180 τῷ
1296 2119 1329 2172 ιι,
1347 2088 1402 2161 όιά
1416 2123 1449 2180 ¹5

299 2214 360 2280 τοῦ
388 2237 406 2279 υ
434 2209 610 2290 κλίνονται,
638 2203 708 2279 οίον
731 2203 855 2299 Ἰάπνξ
886 2200 1052 2297 Ἰάπυγας·
1090 2203 1178 2294 (ἔστι
1215 2201 1250 2276 δὲ
1282 2205 1402 2300 ἔθνος)

298 2321 487 2420 σπινθάρυξ
511 2319 746 2420 σπινθόρυγος,
775 2317 958 2419 ταρβόλυξ
981 2316 1199 2417 τορβόλνγος
1227 2319 1261 2408 (ὁ
1294 2351 1402 2416 ταρα-

299 2435 422 2532 κτικάς)
457 2433 647 2534 φαιφόλυξ
676 2433 878 2533 [φεψάλυξ]
906 2430 1143 2532 φοιψάλνγος,
1171 2433 1331 2523 (σημαίνει
1366 2437 1404 2509 δὲ

298 2549 359 2623 τάν
375 2555 567 2648 σπινθῆρα.)

350 2664 405 2736 Τὰ
423 2669 466 2744 είς
481 2693 521 2742 τις
538 2667 662 2766 ἔχοντα
685 2667 729 2741 τό
753 2701 772 2741 ο
790 2671 823 2740 ἐν
838 2675 882 2764 τῇ
902 2669 1153 2767 παροληγοόση,
1171 2669 1216 2752 μὴ
1240 2667 1454 2765 ε’τιφερο-αο

297 2783 394 2867 μόνον
410 2789 472 2855 τοῦ
489 2813 522 2868 ις,
538 2781 619 2868 μηδὲ
634 2784 757 2880 ἔχοντα
773 2785 807 2854 ἐν
822 2790 865 2878 τῇ
882 2783 1100 2880 ἐπιφερομένη
1126 2786 1281 2878 συλλαβῇ
1306 2781 1350 2855 τά
1370 2815 1403 2868 ιι,

298 2895 351 2968 διὰ
373 2895 416 2968 τὸ
440 2895 581 2992 βόμβυξ
603 2899 782 2986 βόμβυκος,
799 2898 851 2970 καί
880 2896 1012 2992 κόμβνξ
1031 2898 1204 2986 κόμβυκος,
1224 2897 1276 2969 διὰ
1295 2905 1360 2970 τοῦ
1382 2931 1403 2971 τ

297 3012 475 3083 κλίνονται·
501 3015 531 3083 εί
554 3012 589 3084 δὲ
613 3015 807 3112 ἐπιφέρεται
832 3011 876 3085 τὸ
901 3043 934 3097 ιι,
951 3011 1004 3084 διὰ
1020 3019 1082 3085 τοῦ
1100 3043 1117 3084 1·
1134 3014 1311 3096 κλίνονται,
1329 3011 1403 3085 οἷον

298 3125 398 3220 κόκυξ
420 3127 566 3221 κόκυγος,
591 3127 740 3227 Μόρτυξ
762 3129 959 3226 Μόρτυγος,
978 3127 1148 3220 (βασιλεὺς
1165 3128 1403 3226 Κερκυραίων)

299 3237 342 3311 τὸ
359 3239 471 3336 ὄρτυξ,
487 3241 571 3322 τινὲς
588 3242 622 3314 δὲ
639 3245 781 3342 ὄρτυγος
799 3245 886 3341 φασί
913 3243 965 3316 θιά
991 3248 1053 3314 τοῦ
1075 3273 1104 3324 τ,
1121 3242 1277 3325 Φιλήμων
1293 3242 1329 3314 δὲ
1345 3243 1403 3314 διά
1414 3278 1430 3316 α
1435 3279 1452 3335 5

298 3361 361 3426 τοῦ
378 3386 397 3426 κ
417 3359 521 3453 φησίν
538 3359 682 3457 ὅρτυκος,
701 3357 782 3456 ὄρυξ
801 3359 931 3456 ὄρυγος,
952 3353 1140 3454 πομφόλυξ
1161 3357 1402 3454 πομφόλυγος,

299 3471 477 3570 στόρθυγξ
504 3475 730 3572 στόρθυγγος,
759 3474 839 3563 (πᾶν
866 3476 908 3550 είς
936 3469 995 3565 ὀξὺ
1022 3476 1155 3565 λῆγον,)
1186 3469 1299 3565 όιῶνυξ
1327 3471 1403 3545 θιιί-

299 3617 394 3684 νυχος
416 3585 468 3658 διὰ
489 3595 550 3659 τοῦ
572 3619 604 3670 x,
623 3584 748 3680 σπόνυξ
770 3587 943 3683 στόνυχος,
966 3587 1019 3656 καί
1045 3583 1185 3682 ἀκρόνυξ
1208 3586 1401 3684 ἀκρόνυχος,

299 3699 356 3790 (τά
373 3699 472 3796 ἀκρον
488 3709 547 3782 τῆς
563 3699 698 3796 νυκτός)
716 3702 768 3772 καί
793 3699 937 3795 μεσόνυξ
959 3701 1151 3796 μεσόννχος,
1168 3698 1211 3777 είς
1226 3707 1292 3772 τῶν
1308 3705 1402 3776 ἑπτὰ

298 3818 472 3896 πλανήτων
498 3812 590 3912 παρὰ
622 3825 694 3892 τοῖς
726 3816 966 3914 Πυθαγορείοις
995 3813 1203 3914 ὀνομάζεται,
1236 3817 1400 3901 μέμνηται
1413 3849 1455 3904 30

299 3929 523 4025 Στησίχορος.
575 3929 692 4002 Ταῦτα
709 3930 743 4003 ἀὲ
759 3934 874 4029 ἔχουσι
890 3931 933 4003 τὸ
951 3963 970 4002 o
987 3933 1225 4029 ἐπιφερομένου
1240 3940 1303 4004 τοῦ
1320 3965 1356 4007 υ.

347 4040 403 4114 Τά
433 4045 476 4120 είς
498 4071 539 4116 τε
570 4045 691 4128 θηλυκὰ
717 4045 798 4143 ὑπὲρ
825 4049 901 4130 μίαν
927 4048 1099 4134 συλλαβὴν
1120 4045 1172 4119 διὰ
1194 4055 1257 4121 τοῦ
1282 4079 1301 4120 ι·
1326 4055 1403 4122 κλί-

296 4189 417 4240 νονται,
441 4159 540 4256 χωρίς
569 4164 598 4231 α’
622 4162 666 4243 μυ)
689 4162 783 4254 λόγῳ
808 4162 908 4258 ἑτέρῳ
934 4161 1177 4245 ἀκολουθοῦσιν,
1203 4160 1272 4234 οίον
1295 4161 1404 4263 ἄντυξ

295 4271 447 4367 ἄντυγος,
477 4274 511 4365 (ἦ
540 4277 734 4374 περιφέρεια
767 4282 829 4348 τοῦ
859 4275 1036 4374 ἅρματος)
1064 4275 1190 4372 βαῐτυξ
1220 4277 1401 4373 βοίτυγος,

297 4390 456 4483 (σημαίνει
472 4386 507 4461 δὲ
521 4391 581 4472 τὴν
593 4389 750 4476 βόίλλαν,
764 4390 918 4490 ῶςὨρος
934 4393 967 4464 ἐν
983 4397 1026 4486 τῇ
1044 4392 1262 4490 όρθογραφίᾳ
1280 4397 1399 4492 φησὶ)
1411 4429 1429 4484 3
1434 4431 1450 4485 5
