2954 5020
394 307 461 366 ΕΙΣ
482 307 538 366 ΤΟ
561 307 852 368 ONOMATIKON.
1115 329 1169 374 101

59 478 246 571 συλλαβῇ,
263 475 331 548 οἰον
347 482 396 566 τῷ
411 475 545 572 κοχλίᾳ,
562 481 611 566 τῷ
627 473 758 572 Χρύση,
775 483 824 568 τῷ
839 483 939 568 καλῷ.
967 478 1174 577 Πρύσκειται

60 593 123 662 “ε’ν
139 598 209 684 μιᾷ
227 593 419 686 σνλλαβῇ,”
455 589 488 663 ιὰ
505 590 548 664 τῦ
571 589 688 675 Λύίος,
707 593 795 682 (ἔστι
813 591 852 664 δέ
860 593 962 678 ὄνομα
975 595 1174 692 κύριον,),καί

59 707 134 790 ἦίὶίν
145 707 319 798 (σημαίνει
338 706 372 779 δὲ
388 707 449 780 τὸν
465 707 646 802 οἰγιαλῦν,)
659 709 711 780 καί
729 709 817 806 ἥρωϊ.
857 708 942 780 Ἰδού
955 708 1023 809 γὰρ
1037 712 1174 784 ἐνταῦθα

59 821 102 894 τῦ
130 854 142 895 ι
165 821 263 906 μετὰ
279 830 340 896 τοῦ
358 853 377 894 A
395 831 522 921 μακροῦ
540 825 593 895 καί
610 822 695 908 μετὰ
711 830 774 896 τοῦ
791 853 813 895 ιι
830 825 882 894 καί
899 823 985 908 μετὰ
1002 832 1065 898 τοῦ
1081 857 1102 897 α
1120 829 1175 898 οῦκ

60 941 156 1010 ἔστιν
169 940 405 1036 ἆνεκφύνητον
425 940 505 1010 ἀλλ’
519 940 770 1038 έκφωνούμενον,
788 939 857 1010 οἰον
875 937 1026 1037 Λιίχητι,
1042 943 1201 1030 Mam

61 1054 139 1140 ἡδέί,
157 1057 279 1152 παχέΐ,
296 1063 339 1150 τῇ
358 1055 512 1152 Σαπφύϊ,
529 1061 572 1150 τῇ
591 1053 715 1139 Andr.
750 1055 868 1128 Ταῦτα
885 1057 944 1142 μὲν
960 1061 992 1130 έν
1008 1062 1150 1138 τούτοις.

112 1175 181 1242 Δεῖ
207 1171 245 1242 δὲ
271 1175 447 1265 γινώσκειν,
465 1171 518 1243 ὅτι
545 1173 578 1242 οἰ
601 1171 659 1255 μὲν
685 1175 923 1270 γραμματικοί,
945 1177 985 1252 ὡς
1007 1174 1090 1272 πρὸς
1114 1177 1175 1260 πίιν

63 1287 256 1383 ε’κφεῦνησιν
278 1288 542 1374 ἀποβλέποντες,
558 1286 697 1379 λέγουσι
723 1285 766 1359 τὸ
796 1317 807 1358 ι
834 1287 1060 1386 ἆνεκφιύνητον
1085 1289 1173 1374 εἰναι,

63 1401 152 1480 ἡνίκα
171 1405 290 1500 εὑρεθῇ
308 1403 327 1486 ’ἦ
343 1401 429 1486 μετὰ
445 1407 507 1474 τοῦ
523 1431 543 1472 A
560 1409 698 1500 μακροῦ,
713 1402 732 1486 ἰ,
748 1400 833 1487 μετὰ
848 1409 909 1474 τοῦ
924 1433 958 1487 ιι,
976 1404 994 1488 ἰν
1010 1403 1096 1489 μετὰ
1113 1413 1176 1478 τοῦ

66 1546 96 1596 α,
115 1513 190 1587 οἷον
206 1520 260 1609 τῷ
277 1515 408 1615 Χρύση,
424 1524 474 1610 τῷ
490 1523 602 1616 σοφῷ,
618 1525 668 1610 τῷ
683 1517 809 1611 Αἰνείᾳ.
837 1519 885 1592 Oa*
901 1519 936 1592 δέ
951 1522 1099 1605 μουσικοί
1116 1531 1175 1607 πῆς
1187 1559 1224 1600 ιο

64 1634 240 1730 ἀκριβείας
270 1631 507 1734 φροντίζοντες
533 1636 690 1727 λέγουσιν
719 1635 773 1708 ὅτι
803 1637 994 1734 ἐκφωνεῖται
1022 1636 1091 1721 μὲν,
1119 1641 1176 1710 οῦκ

66 1747 262 1841 ἐξακούεται
284 1749 319 1822 δί
340 1748 392 1822 διὰ
417 1749 460 1822 τῦ
484 1751 625 1844 μέγεθος
644 1755 710 1822 πιῦν
732 1755 862 1848 μακρῶν
885 1751 1085 1848 φωνηέντων.
1127 1752 1178 1826 Εἰ

70 1863 137 1964 γὰρ
155 1873 287 1964 φωνῆεν
305 1868 380 1940 έστί
399 1923 408 1939 .
425 1921 433 1938 .
449 1923 458 1940 .
476 1867 582 1964 φασίν
598 1871 666 1944 πῶς
687 1865 818 1939 ιίύναται
832 1868 1058 1964 ἆνεκφιύνητον
1075 1865 1174 1953 εἰνοι;

71 1981 146 2052 ἁλλ’
174 1981 293 2082 ιῦσπερ
323 1985 425 2055 αῦλοῦ
449 1989 537 2082 φασι
567 1984 619 2054 καί
647 1979 792 2082 ὀργάνου
820 1985 996 2082 ἤχούντων,
1025 1986 1044 2054 ὁ
1076 1981 1175 2062 αῦλῦς

74 2097 126 2166 οῦκ
151 2098 355 2193 ἐξακούεται,
372 2097 424 2171 διὰ
449 2098 492 2171 τὸ
514 2096 648 2198 μείζονα
673 2099 756 2196 ἦχον
775 2100 862 2196 ἔχειν
886 2098 929 2171 τῦ
950 2101 1105 2198 ὄργανον,
1121 2102 1174 2172 καί
1187 2136 1222 2198 ¹⁵

73 2214 252 2287 καλύπτειν
269 2213 329 2287 τῦν
340 2221 402 2287 τοῦ
418 2217 518 2287 αῦλοῦ
534 2217 616 2313 ἦχον
633 2216 871 2312 ιἰσθενέστερον
892 2215 983 2297 ὄντα,
1000 2213 1061 2286 τὸν
1077 2212 1175 2286 ούτῦν

76 2329 202 2424 τρόπον
218 2331 273 2402 καί
289 2329 333 2404 τὸ
355 2362 366 2402 ι
383 2332 620 2430 ἀσθενέστερον
636 2329 787 2429 ύπιίρχον
807 2328 938 2402 πάντων
954 2336 1019 2402 πιῦν
1036 2331 1176 2429 φωνηέν-

26 2473 145 2530 4οτων,
163 2449 255 2529 ἡνίκα
277 2450 388 2546 εὑρεθῇ
412 2445 497 2532 μετὰ
513 2454 576 2519 ποῦ
594 2477 612 2518 A
629 2454 766 2546 μακροῦ,
783 2447 801 2532 ἰ]
817 2445 903 2533 μετὰ
923 2455 985 2519 τοῦ
1003 2478 1036 2531 ε,
1054 2447 1072 2531 ἰι
1088 2446 1174 2533 μετὰ

77 2565 134 2628 τοῦ
145 2591 166 2632 ο
184 2563 293 2655 ἰνμιᾷ
315 2565 482 2658 συλλαβῇ,
500 2565 555 2634 οῦκ
571 2561 756 2658 ἐξακούεται
771 2561 822 2636 ῦιίι
835 2561 878 2636 τῦ
888 2565 1028 2657 μέγεθος
1037 2564 1174 2636 τούτων.

72 2670 150 2746 ΙΌτι
175 2676 211 2750 δὲ
241 2676 284 2750 τὸ
314 2708 326 2749 ι
354 2678 592 2776 ἀσθενέστερον
620 2679 694 2750 ἰσπί
722 2677 853 2750 πάντων
879 2683 945 2750 τῶν
972 2680 1174 2774 φωνηέντων,
1186 2722 1224 2761 20

80 2787 172 2872 δῆλον
187 2795 343 2866 ε’ντεῦθεν.
379 2794 456 2866 Τῶν
473 2795 660 2892 φωνηέντων
676 2793 721 2866 τὰ
737 2794 796 2880 μὲν
812 2793 875 2865 εἰσί
892 2792 1112 2891 προτακτικίι,
1128 2794 1174 2866 τὰ

84 2903 340 2982 ίίῦποτακτικύ·
357 2911 410 2982 καί
427 2908 635 3008 προπακτικὰ
650 2911 710 2994 μὲν
726 2912 790 2982 εἰσί
805 2915 924 2992 ταῦτα,
939 2940 971 2997 A,
991 2940 1021 2992 κ,
1040 2939 1074 2993 α,
1093 2943 1123 2994 ο,
1142 2942 1175 2999 ο,

860 3025 867 3051 λ
917 3023 926 3050 λ
962 3028 970 3052 Ι
1145 3025 1154 3052 λ

84 3022 281 3097 ύτατακτικᾶ
304 3023 338 3098 δὲ
361 3025 426 3109 δύο,
449 3057 461 3098 ι
485 3026 536 3098 καί
558 3057 587 3100 τ.
631 3025 701 3098 Καί
726 3025 769 3098 τὸ
795 3057 814 3098 τ
837 3024 871 3097 δε
887 3057 930 3098 το
955 3057 1177 3100 ντοτακπικον

84 3139 240 3220 πολλάκις
263 3143 442 3239 εύρίσκεπαι
463 3149 525 3216 τοῦ
551 3173 561 3214 1
591 3140 827 3241 προτακτικὸν,
851 3143 891 3220 ὡς
916 3143 949 3214 ἐν
965 3149 1015 3236 τῷ
1030 3153 1107 3229 μυῖα
1123 3145 1176 3216 καί

85 3249 197 3348 ἅρπνια
224 3257 276 3328 καί
302 3256 366 3336 νίῦς
390 3258 442 3329 καί
466 3261 498 3330 έν
520 3269 591 3336 τοίς
611 3260 746 3344 ὁμοίοις.
789 3257 839 3330 Εἰ
857 3256 923 3358 ἄρα
946 3257 1000 3330 οῦν
1016 3259 1059 3332 τῦ
1088 3291 1098 3332 1
1123 3261 1222 3352 καίος

86 3376 139 3438 Τοῦ
160 3373 381 3446 ύποτακτικοῦ
404 3375 624 3447 ύποπακπικύν
649 3377 736 3463 ἐστι,
759 3373 913 3458 δηλονότι
939 3375 1177 3473 ἆσθενέστερον

88 3482 150 3556 ἔστί
167 3485 299 3561 πάντων
314 3495 381 3562 τιῦν
397 3491 595 3587 φωνηέντων·
622 3491 654 3562 έν
671 3489 719 3567 οἰς
736 3489 795 3560 σῦν
809 3493 870 3580 θεῷ
889 3493 907 3572 ἡ
922 3487 1052 3586 πρᾶξις.

130 3601 251 3681 Καλῶς
274 3606 475 3703 προσέθηκεν
494 3607 513 3677 ὁ
536 3603 696 3702 τεχνικὸς,
714 3617 734 3646 “
745 3604 827 3675 ὅταν
843 3605 903 3700 ἔχη
920 3603 979 3686 τὴν
996 3605 1178 3689 αἰτιατικὴν

91 3715 336 3808 ι’σοσνλλαβον.”
378 3719 465 3792 Ἰδοῦ
485 3718 553 3818 γάρ
576 3723 649 3792 ἐστι
675 3725 725 3811 τῷ
749 3720 880 3815 βότρνΐ,
897 3719 950 3790 καί
977 3720 1013 3789 ού
1035 3719 1178 3814 λέγομεν

91 3829 140 3912 τίν
162 3835 343 3918 αἰτιατικὴν
367 3833 428 3907 τῦν
453 3834 594 3933 βύτρνα,
619 3833 711 3906 ἆλλᾶ
736 3833 797 3906 τὸν
821 3834 958 3932 βότρυν.
1001 3832 1105 3906 Ἀλλ’
1123 3836 1177 3906 οῦκ
1186 3867 1225 3926 30

94 3943 253 4023 ἂντίκειπαι
272 3953 355 4034 ἡμῖν,
372 3951 440 4022 ἕπει
462 3952 555 4034 ἦτῆν
571 3953 755 4034 αἰτιατικὴν
774 3952 830 4022 οῦκ
851 3952 920 4048 ἔχει
947 3951 1177 4039 ἰσοσύλλαβον

96 4061 109 4136 ἦ
124 4061 236 4149 δοτική.
273 4065 326 4138 Τὸ
344 4063 540 4166 ζητούμενον
557 4067 591 4140 δὲ
606 4070 730 4156 ἔλαβεν
746 4066 1016 4159 ὁμολογουμένως
1032 4068 1051 4136 ὁ
1068 4097 1178 4164 τεχνι-

95 4176 148 4253 ¹65·
170 4181 283 4254 Τοῦτο
302 4179 370 4278 γὰρ
388 4181 469 4256 αύτῦ
487 4180 713 4282 ζητοῦμεν,τό
730 4185 816 4256 πότε
834 4185 901 4281 ἔχει
919 4185 979 4267 τὴν
991 4185 1178 4268 Ιαἰτιατικὴν

99 4289 308 4386 ἰσοσύλλαβον
324 4300 344 4381 ἡ
361 4295 484 4382 δοτική.
520 4297 650 4373 Ἔστιν
667 4297 721 4372 οῦν
738 4301 846 4382 εἰπεῖν,
865 4299 931 4382 ὅτι,
948 4302 988 4376 ὡς
1005 4295 1177 4383 ἐμάθομεν,
