2972 5014
410 325 478 387 αα
498 327 555 388 το
577 327 871 390 οΝοΜΑτικοΝ.
1129 326 1194 412 3⁶5

66 496 91 564 5
114 494 248 590 λύχνος
264 493 316 566 καί
332 493 375 566 τὸ
392 495 524 591 λύχνον,
541 497 560 566 5
580 496 730 580 θεμέλιος
745 497 798 567 καί
814 495 858 570 τῦ
877 497 1038 580 θεμέλιον.
1074 497 1194 570 Ταῦτα

68 609 157 706 γὰρ
179 611 235 680 ούκ
251 609 314 680 εἶσί
330 607 415 682 κατὰ
433 610 772 710 παρασχημαπισμόν,
790 612 898 696 ἐπειδὴ
914 611 1000 684 κατὰ
1017 619 1078 685 τοῦ
1095 615 1196 686 αύτοῦ

70 726 150 796 εἶσί
170 726 225 796 καί
244 727 281 796 ού
297 725 382 798 κατὰ
400 725 516 810 ἄλλον,
534 727 646 826 ὥσπερ
662 727 708 799 τὰ
725 729 758 799 ἐν
771 737 1098 826 παρασχηματισμῷ,
1109 728 1194 802 κατὰ

71 839 202 912 ἄλλον
230 839 298 940 γάρ
328 845 420 914 ε’στιν
445 845 464 914 5
491 843 600 942 σοφὸς
627 843 796 942 ἅνθρωπος
825 847 878 917 καί
903 844 989 918 κατὰ
1015 844 1124 916 ἄλλον
1150 845 1194 918 τῦ

74 954 207 1054 σοφὸν
231 956 370 1030 παιθίον·
397 961 416 1030 ὁ
444 961 592 1045 θεμέλιος
617 960 651 1032 δέ
677 963 729 1032 καὶ
760 960 804 1033 τῦ
829 965 979 1046 θεμέλιον
1003 964 1076 1034 κατ’
1095 964 1195 1036 αύτοῦ
1203 984 1220 1046 5

76 1073 180 1158 ε’στι,
197 1073 249 1144 καί
267 1074 285 1143 5
303 1075 421 1170 λύχνος
437 1076 489 1146 καί
506 1074 549 1148 τὸ
566 1077 687 1174 λύχνον
703 1081 775 1150 κατ’
794 1080 895 1150 αύτοῦ
910 1080 1012 1162 ἐστιν,
1030 1078 1140 1155 ἄλλως
1155 1111 1195 1150 τε

75 1187 120 1262 δὲ
158 1189 213 1258 καὶ
248 1191 389 1268 σπανίως
421 1191 560 1283 λέγεται
594 1199 703 1264 ταῦτα
737 1193 919 1292 οῦθετέρως.
963 1195 1050 1268 Ἔτι
1079 1195 1113 1266 δὲ
1141 1194 1194 1266 καί

30 1336 56 1376 a
77 1303 326 1405 προσηγορικοῦ
349 1310 441 1393 εἰσιν,
459 1306 618 1379 ούθέποτε
642 1307 676 1380 δὲ
702 1312 778 1381 οῦτε
800 1309 867 1382 ἀπὸ
893 1311 1000 1408 κυρίου
1024 1313 1101 1382 οῦπε
1125 1309 1194 1382 ἆπῦ

79 1429 342 1519 προσηγορικοῦ
374 1423 500 1515 γίνεται
543 1422 712 1522 οῦῦετέραυ
753 1423 1091 1524 παρασχηματισμός,
1126 1423 1195 1498 οἷον

81 1537 181 1614 Α’ίας
205 1538 293 1614 θύας
317 1539 466 1634 κοχλίας,
484 1539 562 1608 ἀλλ’
580 1539 648 1611 εἰπῦ
673 1543 839 1626 ἐπιθέτων,
858 1539 927 1614 οἷον
943 1541 1055 1641 σοφὸς
1072 1541 1194 1640 σοφὸν,
1208 1571 1244 1612 10

82 1654 218 1752 χαρίεις
234 1655 357 1752 χαρίεν,
374 1651 481 1732 τάλας
497 1653 617 1728 τύλαν.
670 1657 789 1730 Ταῦτα
805 1657 863 1742 μὲν
880 1659 912 1728 ἐν
927 1659 1069 1735 τούτοις.

141 1771 274 1843 Ἰστέον
290 1771 325 1843 55
348 1773 400 1844 καί
423 1779 539 1857 τοῦτο,
557 1773 612 1845 ὅτι
630 1778 696 1846 πᾶν
713 1774 881 1873 οὐθέτερον
898 1775 1001 1859 ὄνομα
1018 1805 1196 1873 παρασχη-

84 1885 311 1988 ματιζόμενον
339 1889 506 1984 ιἰρσενικῷ,
536 1887 590 1960 ἐὰν
619 1889 678 1973 μὲν
705 1888 939 1980 ι’σοσνλλείβως
967 1891 1126 1977 κλίνοιτο,
1151 1899 1196 1986 τῇ

85 2007 258 2099 αἰτιατικῇ
283 2011 344 2076 τοῦ
368 2005 537 2102 ἀρσενικοῦ
559 2007 736 2104 ὁμοφωνεΐ,
755 2005 824 2080 οἷον
840 2009 859 2078 5
877 2005 988 2105 σοφὸς
1004 2015 1066 2080 τοῦ
1082 2014 1196 2105 σοφοῦ

86 2127 141 2211 τῷ
166 2127 267 2218 σοφῷ
290 2118 351 2193 τὸν
367 2119 479 2219 σοφὸν
495 2123 547 2192 καὶ
567 2120 611 2194 τὸ
633 2121 755 2220 σοφὸν,
773 2125 791 2194 5
817 2125 951 2222 μέτριος
975 2131 1038 2196 ποῦ
1060 2125 1195 2222 μετρίου
1208 2147 1241 2209 15

88 2244 143 2328 τῷ
175 2237 296 2334 μετρίῳ
322 2235 383 2310 τὸν
410 2239 544 2335 μέτριον
573 2239 626 2309 καί
654 2237 698 2311 τῦ
727 2241 872 2340 μέτριον,
907 2242 926 2312 5
962 2243 1101 2338 εὔγηρως
1134 2247 1195 2312 τοῦ

90 2355 218 2450 εύγηρια
233 2360 283 2443 τῷ
298 2354 421 2449 εῦγηριρ
437 2351 499 2425 τὸν
512 2357 652 2454 εῦγηρων
664 2357 717 2428 καὶ
733 2354 778 2428 τὸ
791 2359 941 2454 εῦγηριον·
961 2355 1014 2428 ε’ίιν
1028 2355 1061 2428 δέ
1078 2387 1194 2454 περιπ-

90 2466 314 2557 τοσνλλᾶβως
342 2471 489 2542 κλίναιτο
514 2479 557 2566 τῇ
581 2479 716 2567 κλητικῇ
737 2480 798 2545 ποῦ
824 2474 993 2572 ἀρσενικοῦ
1017 2473 1193 2570 ὁμοφωνεῖ,

93 2586 164 2658 οἷον
181 2588 200 2656 5
218 2587 359 2682 σώφρων
374 2590 437 2656 τοῦ
461 2588 635 2684 σώφρονος
658 2589 684 2659 ιθ
705 2593 844 2687 σῶφρον
863 2589 916 2661 καί
941 2587 983 2661 τὸ
1010 2593 1157 2686 σιῦφρον,
1174 2589 1193 2658 5

94 2701 199 2793 ἅρσην
228 2707 288 2772 τοῦ
313 2699 448 2798 ἄρσενος
476 2701 503 2772 ιῦ
528 2699 628 2801 ἄρσεν
655 2703 708 2774 καί
740 2703 784 2776 τὸ
814 2705 926 2803 ἅρσεν,
953 2707 972 2775 5
1001 2704 1105 2800 παχῦς
1134 2710 1195 2776 τοῦ
1205 2733 1244 2774 20

94 2819 216 2916 ταχέας
245 2820 271 2889 ιῦ
295 2817 384 2914 ταχῦ
408 2819 460 2889 καί
490 2817 533 2890 τὸ
561 2818 660 2916 ταχὺ,
687 2821 707 2890 5
734 2822 858 2918 χαρίεις
883 2826 946 2891 τοῦ
970 2822 1141 2920 χαρίεντος
1169 2819 1197 2893 ιῦ

95 2936 209 3032 χαρίεν
233 2934 285 3006 καί
313 2932 356 3006 τὸ
382 2935 507 3032 χαρίεν,
532 2936 551 3006 ὁ
580 2935 786 3034 λιπόπατρις
815 2942 877 3008 τοῦ
899 2934 1145 3033 λιποπιίτριθος
1169 2939 1197 3008 ιῦ

95 3049 282 3147 λιπύπατρι
299 3048 410 3121 καὶτὸ
427 3051 628 3149 λιπύπατρι.
680 3052 799 3125 Ταῦτα
816 3052 874 3136 μέν
889 3055 922 3125 έν
938 3055 1081 3132 τούτοις.

146 3167 272 3239 Ἰστέον
309 3167 323 3238 ὲ
340 3168 394 3239 ὅτι
411 3165 456 3239 τὰ
474 3167 626 3263 οὐδέτερα
644 3169 663 3253 ἢ
680 3170 732 3240 καί
750 3175 792 3264 τῇ
811 3175 902 3268 φωνῇ
926 3171 979 3242 καὶ
1004 3176 1054 3262 τῷ
1076 3201 1197 3254 σημαι-

100 3285 214 3374 νομένιρ
230 3285 311 3356 είσίν
323 3283 486 3382 αύῦέπερα,
504 3284 615 3382 ὥσπερ
632 3283 674 3356 πθ
691 3283 790 3379 ξύλον
806 3284 849 3358 τὸ
867 3284 996 3384 δένδρον
1012 3284 1054 3356 τῦ
1071 3295 1195 3382 τεῖχος,
1206 3315 1220 3356 2
1225 3316 1242 3375 5

99 3401 173 3494 ἢτῇ
197 3399 255 3484 μέν
272 3407 363 3499 φωνῇ
380 3402 461 3474 είσίν
478 3401 630 3499 ούθέπερα
655 3409 704 3493 τῷ
729 3399 763 3472 55
790 3401 1011 3490 σημαινομένῳ
1038 3401 1092 3470 ούκ
1113 3401 1194 3472 εἰσίν

103 3515 258 3615 οῦῦέτερα,
284 3515 397 3615 ὥσπερ
424 3516 466 3589 τὸ
494 3516 632 3599 παιδίον,
663 3514 706 3586 τὸ
736 3513 884 3600 θηλυκὸν,
908 3513 952 3587 τὸ
978 3519 1127 3612 σῶφρον,
1150 3514 1194 3588 τὸ

103 3634 235 3725 γύναιον·
269 3640 376 3705 ταῦτα
394 3631 463 3732 ’γὰρ
479 3640 521 3728 τῇ
545 3639 635 3730 φωνῇ
658 3632 739 3704 εἰσίν
760 3629 923 3729 ούθὲτερα,
941 3636 990 3722 τῷ
1016 3629 1050 3702 δὲ
1075 3663 1196 3716 σημαι-

105 3751 214 3840 νομένῳ
244 3751 298 3821 οῦκ
326 3751 406 3822 είσίν
436 3749 598 3847 οὕθέτερα.
650 3747 703 3820 Τὸ
730 3748 789 3832 μὲν
816 3748 885 3846 γὰρ
915 3747 1044 3819 παιθίον
1069 3749 1121 3820 καί
1151 3747 1195 3822 τῦ

106 3870 234 3962 σῦφρον
259 3865 276 3948 ’ἦ
302 3863 403 3964 ἄρσεν
427 3864 446 3948 '5
472 3870 554 3948 θῆλυ
580 3864 684 3949 δηλοῖ,
708 3867 759 3936 καί
783 3863 826 3938 τί)
855 3863 994 3949 θηλυκὸν
1019 3863 1052 3936 55
1077 3865 1129 3936 καί
1152 3863 1245 3955 τόμο

107 3981 226 4072 γύναιον
252 3982 521 4075 ὁμολογουμένως
551 3986 633 4064 θῆλυ
663 3979 767 4064 δηλοῖ.
819 3979 948 4052 Ἰστέον
998 3979 1012 4052 ἔ
1043 3981 1096 4052 ὅτι
1131 3982 1194 4053 είσί

107 4095 288 4190 καταλήξεις
304 4099 336 4167 ἐν
352 4109 424 4174 τοῖς
444 4096 623 4195 οῦθετέροις
645 4098 763 4173 α’ίτινες
786 4095 848 4168 εἰσί
873 4107 1068 4190 μονογενεῖς,
1085 4099 1125 4173 ὡς
1149 4095 1195 4167 τὰ

109 4215 146 4290 εἷς
171 4244 206 4284 At
236 4213 388 4311 οῦθέτερα
416 4211 527 4286 πάντα
560 4221 720 4305 μονογενῆ
751 4216 842 4298 εἰσιν,
874 4213 943 4284 οἷον
971 4213 1066 4310 κρέας
1092 4221 1196 4308 γῆρας

108 4331 201 4426 κέρας,
216 4331 267 4400 καί
286 4328 329 4400 τὰ
348 4333 390 4406 είς
408 4363 446 4402 02
464 4330 617 4429 οῦθέπερα
641 4329 799 4412 ὀνόματα,
817 4330 994 4400 καὶταῦτα
1013 4326 1083 4427 γὰρ
1098 4358 1196 4412 μονα·

112 4454 177 4539 γενῦ
193 4449 281 4530 εἰσιν,
300 4447 368 4519 οἷον
383 4447 426 4519 τὸ
443 4458 555 4545 τεῖχος
571 4445 613 4518 τὸ
630 4447 744 4534 βέλος·
770 4443 814 4517 τῦ
832 4443 901 4544 γὰρ
917 4441 1058 4544 τάριχος
1077 4445 1129 4516 καί
1152 4440 1194 4516 τὸ
1204 4475 1243 4537 35
