2954 5020
1 296 101 360 ιε.
437 299 503 360 ειν
524 295 580 360 το
603 299 897 364 ουοιικιικου.
1175 313 1215 381 79

113 481 135 512 “
149 469 194 553 μή
209 469 335 566 ἔχοντα
352 467 508 552 θηλυκόν”
525 453 577 541 διὰ
598 467 642 542 τό
667 467 750 542 ἄκων
774 468 923 558 άκοντος,
944 470 1089 556 σημαίνει
1114 467 1150 541 θί
1173 467 1217 542 τό

112 583 275 668 ιἰκόντιον,
293 581 331 680 ἐξ
346 585 384 656 ού
398 585 451 655 καί
469 582 512 657 τό
535 588 591 679 [Il.
610 583 647 656 ν’.
663 587 744 678 451]

441 713 467 770 ἐκ
480 713 578 768 δοῦπον
591 711 704 768 ἀκόντων

114 814 207 914 ταρά
221 821 271 908 τῷ
289 822 423 911 ποιητῆ,
435 823 538 888 τοῦτο
553 814 622 916 γάρ
636 815 688 888 θιίι
701 823 764 889 τού
777 849 819 889 υτ
830 819 986 904 κλίνεται,
997 818 1049 889 καί
1064 816 1218 901 δηλονότι

114 934 275 1028 τρίπουσι
289 929 487 1030 (τρόπει)τό
505 963 526 1004 ιι
539 935 582 1010 είς
598 931 641 1004 τό
659 965 678 1004 ο
696 935 728 1004 ἐν
743 940 788 1028 τῇ
804 941 921 1029 γενικῆ,
940 935 1016 1004 ἄλλ’
1035 935 1104 1030 ἔχει
1123 937 1220 1016 θηλυ-
1228 961 1245 1021 5

113 1047 180 1132 τόν,
196 1047 241 1120 τό
262 1047 387 1118 άκαινα·
412 1049 562 1125 ὡσαύτως
578 1050 630 1120 καί
646 1047 690 1120 τό
708 1045 894 1146 δράκοντος,
911 1051 990 1147 ἕχον
1012 1045 1149 1132 θηλυκόν
1166 1045 1219 1120 διὰ

114 1171 178 1237 τοῦ
194 1195 288 1247 κιαι,
307 1161 377 1235 οίον
394 1161 557 1262 θράκαινα,
576 1163 627 1236 διὰ
644 1171 707 1236 τοῦ
724 1195 767 1236 τιν
784 1165 905 1248 ε’κλίθη,
923 1165 975 1236 καί
996 1163 1039 1236 τό
1062 1165 1169 1261 κύριον
1186 1163 1220 1235 δὲ

116 1282 220 1364 ὄνομα
245 1282 323 1378 παρ’
343 1284 416 1364 ήμῖν
435 1280 496 1363 τήν
517 1282 616 1364 αύτῆν
638 1282 747 1352 κλίσιν
764 1276 931 1378 φυλάττει
950 1276 1141 1377 Δράκοντος
1156 1284 1220 1350 τοῦ

116 1397 374 1494 Στρατονικέως.
391 1395 596 1494 Πρόσκειται
603 1409 623 1439 “
629 1399 707 1494 παρ’
715 1399 818 1481 ήμῖν,”
825 1395 933 1480 ἐπειδή
944 1399 977 1468 οί
986 1391 1222 1492 ΑίολεῖςΔρά-

114 1543 208 1590 κονος
219 1509 423 1611 (Δράκωνος)
435 1515 579 1610 είρήκασι
592 1514 653 1597 τῆν
664 1513 788 1606 γενικήν
801 1510 853 1584 διὰ
866 1520 928 1585 τοῦ
940 1544 962 1584 ο
973 1513 1026 1584 ἐπί
1039 1517 1102 1583 τοῦ
1113 1511 1221 1608 κυρίου
1233 1545 1269 1586 ιο

115 1629 289 1712 ὀνόματος,
306 1634 356 1719 τῷ
367 1627 473 1699 κανόνι
489 1635 539 1718 τῷ
554 1629 778 1727 τρολεχθίντι
796 1630 959 1713 ἑπόμενοι·
987 1627 1055 1720 (ἐπί
1074 1626 1143 1726 γάρ
1159 1633 1221 1700 τοῦ

116 1745 230 1842 θηρίου
254 1745 306 1815 καί
332 1744 425 1815 αύτοί
450 1741 651 1840 δράκοντος)
676 1741 720 1816 τό
738 1743 772 1816 ύέ
793 1741 914 1816 Λάκων
933 1742 1099 1828 Λάκωνος,
1117 1747 1147 1815 ει’
1168 1743 1220 1815 καί

114 1861 186 1958 ἔχει
212 1860 348 1944 θηλυκόν
371 1857 423 1931 διὰ
448 1866 510 1932 τού
529 1889 611 1932 um
633 1859 676 1932 τό
695 1856 856 1943 Λάκαινα,
875 1862 951 1933 ἀλλ’
971 1859 1024 1932 ούν
1040 1865 1090 1952 τῷ
1113 1860 1220 1932 κανόνι

116 1983 168 2067 τῷ
184 1977 406 2075 τρολεχθίντι
423 1973 570 2073 ἐφύλαξε
584 1974 628 2048 τό
646 2007 667 2048 α
683 1978 737 2048 ἔπί
754 1986 813 2061 τῆς
830 1985 963 2070 γενικῆς,
978 1975 1047 2049 οίον
1063 1976 1221 2074 Χαρίτων

119 2091 326 2190 Χαρίτωνος,
363 2087 523 2162 Σαλάκων
557 2089 763 2175 Σαλάιιωνος,
802 2091 973 2190 Ἀρίστων
1007 2093 1220 2189 Ἀρίστωνος,
1233 2130 1267 2190 ¹5

115 2205 271 2279 Ἑκάτων
305 2204 504 2292 Ἑκάτωνος,
540 2205 700 2304 Κεράτων
739 2206 946 2307 Κεράτωνος·
984 2207 1028 2279 τό
1071 2204 1222 2305 Τριάκων

119 2324 211 2414 (ἔστι
233 2322 267 2394 δὲ
292 2323 395 2407 ὄνομα
419 2324 540 2418 κύριον)
559 2322 611 2394 διὰ
632 2329 696 2395 τού
716 2353 759 2395 υτ
778 2325 899 2408 ἐκλίθη,
918 2323 987 2395 οἷον
1004 2321 1220 2422 Τριάκοντος,

35 2402 77 2484 65
91 2421 172 2510 aaa>
198 2440 275 2516 ίσως
295 2438 403 2522 ἐπειδή
425 2445 553 2532 γειτνιᾷ
575 2445 679 2511 τοῦτο
704 2445 752 2531 τῷ
773 2437 955 2539 τριάκοντα
977 2441 1114 2538 ἀριθμῷ.
1167 2439 1222 2511 Τό

118 2556 233 2638 με’ντοι
260 2553 409 2654 θεράπων
434 2551 636 2652 θεράποντος
660 2557 701 2632 ὡς
725 2557 804 2652 ἔχου
827 2555 974 2639 θηλυκόν,
994 2556 1085 2649 λε’γω
1109 2555 1147 2640 δή
1169 2553 1221 2626 θεά

118 2677 183 2742 τοῦ
199 2700 290 2754 Am,
309 2671 395 2768 φημί
414 2669 450 2754 θῆ
470 2667 513 2742 τό
535 2667 725 2768 θεράπαινα,
743 2670 796 2743 θεά
820 2679 883 2744 τοῦ
907 2702 949 2743 m·
972 2673 1082 2754 ἐκλίθη
1105 2672 1222 2755 ὁμοίως
1232 2705 1270 2745 20

118 2793 170 2878 τῷ
186 2787 268 2857 λε’ων
282 2787 418 2864 λεόντος
434 2787 556 2858 λέαινα.

171 2901 228 2972 Τὰ
254 2905 297 2980 είς
321 2932 366 2974 nu
392 2905 543 2994 λήγοντα
569 2899 759 2991 δισύλλαβα
783 2905 963 3002 βαρύτονα,
981 2905 1083 3001 κύρια,
1099 2903 1222 3001 ἔχοντα

119 3017 189 3114 πρὸ
211 3023 274 3090 τοῦ
296 3049 317 3090 α
336 3019 370 3088 ἔν
389 3019 424 3088 τι
446 3022 513 3088 τῶν
532 3016 761 3104 ἀμεταβόλων,
778 3020 938 3091 τουτέστι
956 3049 988 3102 κ,
1007 3049 1042 3101 ω,
1062 3049 1093 3102 τι,
1113 3048 1142 3102 ν,
1160 3023 1223 3117 φυ-

119 3131 286 3205 λάττουσι
311 3131 355 3205 τό
380 3164 402 3204 ο
425 3133 480 3202 ε’πί
504 3139 563 3215 τῆς
589 3141 721 3226 γενικῆς,
741 3133 880 3232 Ἕρμων
899 3135 1084 3232 Ἕρμωνος,
1109 3134 1223 3219 Τίμων

121 3247 281 3332 Τίμωνος,
300 3248 415 3320 Κόνων
432 3247 593 3332 Κόνωνος,
607 3248 737 3332 Ῥήμων
755 3249 931 3334 Ῥήμωνος,
953 3251 1055 3322 Σίνων
1073 3251 1221 3332 Σίνωνος,
1232 3283 1268 3346 ²5

120 3365 248 3436 Φαίναν
265 3365 436 3447 Φαίνωνος,
457 3363 565 3446 Ζήνων
586 3363 738 3448 Ζήνωνος,
761 3365 889 3437 Μόλων
908 3365 1081 3448 Μόλωνος,
1104 3367 1223 3437 Δόλων

122 3481 287 3563 Δόλωνος,
312 3481 424 3550 Φίλων
448 3479 606 3562 Φίλωνος,
637 3480 746 3551 Γέλων
777 3481 933 3564 Γέλωνος,
960 3481 1103 3552 Πόλλων
1130 3480 1224 3552 Πίλ-

120 3604 233 3678 λωνας,
252 3594 373 3665 Πύλων
395 3593 560 3678 Πύλωνος,
583 3595 703 3667 Χίλων
726 3595 891 3680 Χίλωνος,
918 3597 1033 3694 θήρων
1059 3598 1222 3697 Θήρωνος,

121 3709 248 3808 Χάρων
264 3707 432 3808 Χάρωνος,
449 3709 579 3806 Χείρων
595 3710 771 3809 Χείρωνος,
790 3713 858 3802 (ε’πί
878 3721 940 3786 τοῦ
957 3714 1156 3813 Κενταύρου·
1179 3714 1222 3787 τό

121 3827 193 3925 γάρ
209 3824 420 3924 συγκριτικόν
435 3827 550 3923 τρόπει
567 3823 610 3896 τό
628 3855 649 3896 α
666 3829 709 3903 είς
725 3826 768 3898 τό
790 3859 809 3899 ο
831 3829 885 3899 ε’πί
910 3839 969 3912 τῆς
995 3840 1128 3924 γενικῆς,
1153 3829 1222 3903 οἷον
1231 3865 1269 3922 30

120 3943 280 4040 χείρονας,
305 3941 359 4012 ε’πί
388 3947 450 4012 τοῦ
482 3939 688 4036 ἐλάττονος)
715 3941 860 4038 Μαύρων
885 3943 1074 4042 Μαύρωνος,
1107 3947 1222 4043 Νέρων

121 4059 285 4156 Νέρωνος,
303 4053 425 4154 Νάρων
442 4053 599 4153 Νόρωνος
615 4058 811 4154 (ποταμός)
836 4057 880 4130 τί)
898 4059 966 4158 γάρ

525 4183 641 4256 Νόρονοσ
654 4181 735 4254 ὄχθας

121 4286 215 4386 παρὰ
239 4293 289 4378 τῷ
314 4282 485 4384 Νικάνδρῳ
512 4291 622 4376 [Ther.
639 4291 717 4378 607]
744 4285 795 4358 διὰ
821 4287 864 4360 τὸ
889 4291 1012 4388 με’τρον
1036 4289 1222 4373 συνεστάλη
