2982 5022
308 322 348 386 28
598 327 799 392 ΓΕΩΡΓΙΟὟ·
820 327 1114 389 ΧΟΙΡΟΒΟΣΚΟΥ
1424 303 1488 414 W

307 491 411 584 βὰνει.
438 493 599 568 Κλίνεται
617 493 652 570 δὲ
666 495 720 568 καί
737 493 789 568 διὰ
802 499 946 592 καθαροῦ
961 502 1024 568 τοῦ
1036 525 1088 580 ον,
1102 491 1183 580 οίαν,
1194 493 1280 574 λὰας
1291 494 1416 580 λόαας,

308 611 328 684 ὰ
352 611 406 684 καί
430 609 516 684 κατὰ
540 609 657 710 κρόσιν
681 618 747 686 τῶν
771 611 826 686 ὰιίο
846 643 900 699 κο,
925 616 970 692 είς
988 612 1023 684 ἓν
1049 611 1203 698 δηλονότι
1229 643 1250 686 κ
1270 611 1417 712 μακρὰν,

308 727 435 823 γίνεται
451 730 543 812 λᾶας,
567 731 623 822 [11.
639 727 686 814 μ’.
701 731 792 822 462.]

550 849 614 906 λᾶας
627 845 771 921 ιίπορρισῆς
787 845 851 918 (ὑπὸ
864 844 966 924 ῥιπῆς).

308 957 398 1036 Είίας
414 956 575 1036 Εὕαντος·
603 956 659 1050 (τὰ
677 956 712 1030 δὲ
733 957 825 1036 Εὔας
846 960 999 1031 ἐπίθετον
1020 965 1083 1030 τοῦ
1104 957 1266 1030 Διονύσου
1286 958 1441 1054 &ow->5

305 1074 408 1148 Ἀλλ’
425 1075 571 1160 ίλθωμεν
583 1075 636 1146 καί
653 1072 883 1170 ἐξηγησόμεθα
900 1072 960 1146 τὰν
975 1074 1103 1146 κανόνα.
1146 1085 1168 1116 “
1179 1071 1244 1150 Εἷς
1261 1075 1322 1144 αι’
1340 1075 1415 1146 εἴτε

308 1189 361 1266 διὰ
377 1190 422 1264 τὰ
442 1193 566 1290 ἔχοντα
592 1189 681 1264 ἄλλα
698 1197 835 1290 φωνῆεν,
852 1187 921 1263 οίον
943 1189 1025 1283 γόης
1049 1189 1184 1283 γόητος·
1206 1195 1311 1260 ταῦτα
1336 1188 1414 1287 γὰρ

307 1309 359 1380 καί
376 1309 520 1407 καθαρόν
536 1309 610 1382 ἔστι
636 1308 689 1384 καί
706 1307 890 1406 βαρύνουσι
909 1304 962 1378 καί
980 1303 1185 1392 ὰισόλλαβον
1201 1305 1255 1376 καί
1271 1305 1358 1387 ὅμως
1372 1306 1414 1376 αὖ

307 1426 449 1499 κλίνεται
476 1423 528 1498 διὰ
545 1429 615 1497 ταῦ
645 1453 697 1508 υτ,
723 1423 847 1517 γόητος
874 1419 953 1518 γάρ·
979 1421 1061 1492 ἀλλ’
1080 1421 1138 1492 οὐκ
1162 1421 1256 1492 ἔστιν
1284 1423 1329 1498 είς
1353 1449 1412 1492 n.

307 1553 328 1584 “
340 1537 520 1638 Καθαρὰν”
538 1537 572 1614 δὲ
588 1539 796 1638 πρόσκειται,
812 1535 866 1612 διὰ
878 1534 924 1610 τὰ
936 1537 1059 1633 ἔχοντα
1071 1536 1247 1634 σύμφωνον
1262 1533 1332 1632 σρὰ
1343 1541 1413 1608 τοῦ
1425 1563 1461 1604 10

306 1652 417 1742 Α,οίαν
428 1656 533 1736 Γέτας
556 1655 656 1738 riva,
670 1655 722 1726 καί
740 1653 842 1732 Δίδας
859 1651 955 1736 Δίδα,
968 1653 1047 1743 (εἶσί
1067 1650 1102 1723 δὲ
1121 1651 1270 1736 ὀνόματα
1286 1652 1410 1750 κύρια)

304 1779 412 1848 ταῦτα
435 1771 515 1870 γὰρ,
539 1770 859 1870 σιίμφονονὲχοντα
879 1767 947 1868 τρὰ
968 1775 1030 1842 τοῦ
1052 1799 1084 1852 ι,
1106 1769 1143 1840 οό
1160 1768 1328 1840 κλίνονται
1352 1766 1410 1840 διὰ

305 1895 367 1962 τοῦ
393 1919 446 1974 υτ,
464 1889 542 1963 ἁλλ’
560 1885 794 1978 ι’σασυλλόβιυι
809 1882 1001 1960 κλίνονταιί.
1047 1883 1136 1957 Ἰδοὺ
1160 1882 1229 1981 γὰρ
1244 1883 1288 1960 τὰ
1305 1882 1410 1957 Κόλ-

305 2033 379 2102 χαε,
397 2002 486 2093 (ἔστι
503 2001 539 2076 δὲ
555 2003 659 2092 ὄνομα
675 2003 809 2099 κιίριον,)
826 2002 878 2078 καί
895 1999 940 2075 τὰ
957 2001 1070 2095 γίγας,
1086 2001 1264 2099 σύμφωνον
1279 2001 1409 2097 ἔχοντα

305 2117 373 2219 σρὰ
389 2125 452 2194 τοῦ
470 2149 503 2206 ι,
517 2116 569 2192 διὰ
585 2125 647 2193 τοῦ
663 2147 706 2190 υτ
722 2118 899 2202 κλίνονται,
916 2113 986 2190 αίον
999 2114 1216 2214 Κάλχαντος,
1229 2117 1407 2210 γίγαντος.
1421 2150 1458 2211 ¹5

307 2236 523 2322 “Ὀνόματα”
535 2233 569 2310 όὰ
579 2234 774 2332 πρόσκειται
786 2235 877 2326 ἐντῷ
885 2233 1003 2317 κανόνι,
1008 2235 1045 2304 οιί
1055 2231 1139 2331 τρὰε
1147 2231 1408 2318 ὰντιόιαστολίιν

303 2353 419 2451 ι’τίρου
437 2350 535 2435 τινὰς,
552 2351 631 2424 ‹m'
649 2348 730 2424 αιίτὰ
747 2347 794 2432 όν,
811 2347 924 2446 ιίίστερ
945 2360 967 2392 “
976 2351 1124 2446 μώνυχας
1145 2349 1286 2426 ίττονς”
1301 2349 1410 2444 λίγα·

303 2499 361 2552 μεν
377 2466 453 2544 τοὰς
476 2467 635 2562 μώνυχας,
652 2465 715 2562 οὖχ
739 2467 779 2543 ὡς
798 2462 910 2536 ἄλλων
932 2465 1043 2537 ’ίττων
1066 2465 1111 2548 μὴ
1128 2465 1229 2535 ὄντων
1244 2465 1409 2562 μονίχων,

218 2597 261 2662 42
275 2583 355 2656 ὓκαί
373 2595 394 2625 “
408 2579 500 2676 γόλα
516 2577 647 2651 λευκὰν”
663 2581 817 2675 λέγομεν,
834 2582 897 2677 οιίχ
913 2583 954 2658 ὡς
974 2578 1081 2651 ἄλλου
1105 2577 1276 2674 γάλακτος
1299 2581 1408 2663 με’λα-

303 2729 355 2778 νος
371 2699 477 2780 ὄντος,
489 2697 569 2770 ἀλλ’
581 2691 663 2767 αι’τὰ
679 2693 722 2770 τὰ
736 2696 771 2770 ἓν
782 2696 859 2793 (ὄν).
872 2696 1142 2784 -“·Δισόλλαβα”
1155 2693 1190 2766 δὲ
1205 2694 1405 2792 πρόσκειται
1415 2732 1457 2772 αο

301 2811 354 2888 διὰ
371 2813 417 2888 τὰ
433 2813 513 2912 ὑπὲρ
531 2811 586 2886 ὰιίο
604 2811 789 2901 συλλαβὰς,
807 2823 828 2859 “
840 2813 1028 2911 βαρίτονα”
1046 2810 1082 2884 δὲ
1097 2811 1305 2908 πρόσκειται,
1322 2809 1406 2884 αὐτὰ

301 2929 344 3006 τὰ
362 2931 464 3016 ’όνομα
481 2931 519 3004 οιί
539 2929 623 3028 πρὸς
639 2927 895 3012 ὰντιόιασταλῆν
910 2934 972 3000 τοῦ
988 2927 1056 3006 Ἰὰς
1071 2929 1125 2999 καὶ
1140 2924 1244 3024 τριὰς,
1262 2925 1348 3017 (Ιὰς
1370 2925 1405 3000 όὰ

301 3046 434 3128 ι’στίνὴ
462 3052 528 3120 τῶν
554 3045 667 3118 Ἰόνιον
692 3041 888 3140 ὰιόλεκτος,)
914 3046 989 3143 τερί
1017 3043 1086 3142 γὰρ
1116 3045 1288 3142 ἀρσενικοῦ
1314 3045 1404 3138 ωίτῷ

301 3164 393 3236 ε’στιν
418 3162 437 3232 ὁ
462 3162 579 3255 λόγος,
596 3167 705 3234 ταῦτα
724 3159 759 3234 όὰ
776 3157 898 3245 θηλυκὰ
915 3164 1005 3232 εἰσιν·
1032 3162 1086 3232 καί
1111 3157 1214 3232 πόλιν
1237 3161 1314 3256 περὶ
1337 3167 1405 3236 τῶν

301 3279 344 3356 είς
360 3307 401 3350 κς
424 3282 489 3350 τῶν
505 3277 651 3375 ε’χόνταιν
672 3275 716 3350 τὰ
737 3307 757 3348 ιι
779 3277 993 3361 ἐκτεταμένον
1020 3278 1125 3370 λέγει,
1145 3283 1246 3373 ἤγουν
1265 3278 1404 3377 μακρὰν,
1413 3315 1450 3374 ²5

301 3391 344 3468 τὰ
362 3392 397 3468 όὰ
416 3391 484 3472 Ἰὰς
507 3393 560 3466 καί
582 3391 677 3490 τριὰς
696 3392 751 3464 καὶ
767 3393 1028 3478 συνεσταλμένον
1049 3395 1164 3491 ’έχουσι
1189 3397 1233 3470 τὰ
1252 3429 1286 3485 κ,
1302 3403 1404 3494 ἤγουν

301 3510 424 3608 βραχύ.
464 3505 602 3591 Ἐπειδὴ
614 3504 669 3580 ίόν
681 3538 732 3584 τις
744 3508 828 3601 λίγρ
840 3507 894 3580 ὅτι
911 3505 998 3605 τρὰς
1007 3509 1264 3598 ὰντιὰιαστολίιν
1274 3517 1404 3590 τοίνυν

301 3626 498 3720 πρόσκειται
525 3623 745 3721 “βαριίτονα”
767 3623 800 3694 ἒν
816 3653 865 3714 τιρ
891 3622 1010 3708 κανόνι,
1026 3624 1171 3718 λε’γομεν
1187 3627 1244 3701 ότι
1268 3627 1338 3702 ίὰοὰ
1357 3627 1403 3702 τὰ

300 3741 393 3836 κρίας
417 3742 460 3816 είς
486 3767 527 3810 οε
551 3737 694 3836 καθαρὰν
718 3736 924 3828 ὰισυλλαβου
948 3741 1144 3836 βαρίττονου,
1163 3744 1216 3820 καί
1243 3777 1404 3844 Ιιιεριίϊο-

300 3851 479 3946 συλλόβος
503 3855 658 3938 κλίνεται,
674 3853 730 3924 καὶ
753 3853 837 3936 όμιοε
860 3856 901 3934 οὐ,
916 3856 1062 3930 κλίνεται
1086 3855 1141 3930 διὰ
1163 3867 1226 3938 τοῦ
1251 3885 1303 3934 ιιτ·
1320 3863 1403 3936 ἁλλ’
1410 3889 1449 3947 30

300 3969 469 4068 οιίδίτερον
484 3969 570 4054 ἐστί,
586 3969 639 4042 καί
656 3967 755 4054 δῆλον
773 3971 831 4044 ότι
844 3973 900 4044 αόκ
916 3973 1095 4046 ἀντίκειται
1111 3981 1161 4067 τῷ
1177 3977 1296 4050 κανόνι·
1323 3980 1403 4078 περὶ

300 4085 369 4185 γὰρ
385 4087 569 4184 ὰρσενικῶν,
585 4089 626 4164 ὡς
642 4085 777 4184 εἴρηται,
790 4089 882 4160 ἐστίν
898 4089 917 4160 ό
934 4090 1051 4185 λόγος,
1064 4093 1117 4164 καὶ
1130 4094 1206 4192 περὶ
1223 4101 1289 4168 τῶν
1304 4097 1402 4193 ἐχόν-

299 4233 365 4276 των
385 4201 429 4275 τὰ
454 4233 476 4276 ιι
498 4203 720 4287 ε’κτεταμίνον·
745 4201 789 4276 τὰ
815 4202 849 4276 δὲ
870 4203 941 4285 Ἰὰς
964 4208 1018 4280 καί
1040 4206 1138 4308 τριὰς
1161 4207 1221 4282 καί
1239 4210 1283 4284 τὰ
1305 4213 1402 4312 κρίας

340 4365 353 4412 f
371 4369 406 4427 In
420 4389 511 4445 marg.
525 4373 572 4426 οὐκ
585 4369 794 4444 ὰναστρίφοντας
806 4377 853 4430 τοῦ
866 4376 978 4434 κανόνος.
1017 4377 1086 4434 Οὐδὲ
1105 4377 1156 4452 γὰρ
1169 4379 1202 4436 τὰ
1220 4381 1317 4453 ἔχοντα
1330 4379 1398 4453 σύμ·

300 4455 388 4524 φονον
401 4453 452 4524 πρὸ
465 4456 512 4508 τοῦ
528 4453 755 4518 Αίσοσυλλιίβαε.
