2954 5020
17 322 67 388 ,κ
410 329 477 390 ειν
499 328 555 390 το
577 329 870 392 οιςοιιιτικον.
1138 341 1189 428 ¹75

77 493 310 590 τὰάγαντος,
325 498 377 569 καί
395 495 799 596 όρτόγωνιίρτόγοντος,
816 503 864 589 τῷ
888 497 983 591 λόγῳ
1007 502 1073 570 τῶν
1087 527 1187 584 μετο-

66 617 184 710 ’χικῶν
202 611 256 684 διά
282 620 344 686 τοῦ
369 644 412 686 m·
436 616 621 698 ε’κλίθησαν,
637 614 690 685 καί
714 615 770 686 ούκ
794 614 987 686 ἀντίκιινται
1004 619 1053 707 τῷ
1067 615 1185 700 κανόνι,

77 729 192 813 ἐπειδὴ
205 730 260 800 καί
273 731 414 802 σύνθετα
426 731 501 802 α’σί.
528 727 735 827 Πρόσκειται
750 728 783 800 δὲ
795 730 828 800 δν
838 736 885 822 τῷ
903 729 1009 802 κανόνι
1028 740 1051 772 “
1060 733 1186 815 ότλᾶ,”

76 845 120 918 τό
152 846 190 918 δὲ
222 844 380 944 τροόγων
409 841 602 944 προάγωνος
628 851 691 917 τοῦ
718 845 808 939 ἀγόν
841 847 966 939 ἀγῶνος
987 848 1047 930 τὴν
1076 848 1185 919 κλίσιν

78 963 241 1060 ἐφύλαξε,
260 963 347 1061 φημὶ
370 961 405 1034 δὲ
428 959 472 1034 τό
499 985 531 1032 α·
557 959 599 1032 τδ
622 961 855 1054 κατατύγῷνος
876 959 928 1033 διά
945 969 1006 1034 τοῦ
1024 993 1042 1034 ο
1063 963 1210 1048 κλιθὲν,5

78 1082 134 1150 ούκ
164 1081 348 1152 ἀντίκειται
376 1082 459 1161 ἡμῖν,
488 1075 597 1160 ε’τειδῆ
631 1078 879 1174 ταρασύνθιτον
912 1078 986 1150 ἐστὶ
1020 1075 1112 1177 παρὰ
1139 1078 1184 1151 τό

78 1193 287 1288 κατόπυγος.
339 1193 600 1291 Παρασόνθετον
619 1191 653 1264 δὲ
669 1193 821 1286 λε’γομεν,
839 1193 951 1292 ῶσπερ
968 1193 1106 1266 καίάτδ
1123 1202 1185 1267 τοῦ

78 1317 161 1394 κῦμα
189 1313 332 1404 ἔγκνμος
351 1309 494 1402 ἐγκύμων
511 1309 687 1402 ε’γκύμονος
704 1309 830 1402 γίνεται
856 1307 908 1381 διὰ
931 1316 994 1382 τοῶ
1010 1341 1041 1396 ο,
1059 1312 1112 1382 καί
1129 1313 1183 1384 ἓτὶ

78 1433 140 1498 τοῦ
156 1424 242 1512 οίμα
260 1425 395 1509 ἄναιμος
410 1427 462 1496 καί
480 1426 620 1509 ἀναίμων
636 1425 816 1510 ἀναίμονος,
833 1426 886 1498 καί
911 1424 980 1498 ἀπὸ
1003 1432 1065 1498 τοῦ
1086 1438 1184 1525 πεῖρα

78 1540 217 1640 ἄπειρος
233 1543 375 1641 ἀπείρων
391 1543 572 1640 ἀπείρονος,
589 1541 608 1612 ό
627 1543 739 1620 πολύς.
1196 1565 1233 1607 10

128 1657 187 1730 Τὰ
217 1661 262 1736 είς
290 1689 358 1730 κον
389 1662 541 1752 λήγοντα
571 1655 761 1746 δισύλλαβα
790 1659 961 1756 βαρύτονα
989 1657 1041 1732 διά
1073 1666 1148 1732 τοῦ·
1162 1690 1184 1732 α

79 1776 261 1858 κλίνονται,
285 1778 315 1845 εί
340 1775 386 1858 μὴ
408 1774 585 1871 μετοχικίιν
609 1774 718 1846 κλίσιν
740 1773 966 1872 ἀναδέχονται,
993 1771 1062 1846 οἷον
1081 1775 1186 1846 κώδων

80 1890 234 1973 κόδωνος,
262 1889 400 1963 Φαίδων
446 1889 585 1972 αίδωνος,
645 1889 733 1961 είδων
757 1889 923 1974 Φείδωνος,
993 1892 1021 1962 εί
1040 1923 1081 1961 ων
1100 1891 1186 1962 Μεί·

83 2006 189 2093 δωνος,
210 2006 375 2098 (ὀνόματα
388 2006 422 2079 δὲ
438 2013 547 2078 ταῦτα
568 2007 687 2104 κύριο,)
700 2005 823 2104 χλιδῶν
840 2005 1009 2104 χλιδῶνας,
1027 2009 1138 2104 (οὗτος
1151 2006 1187 2080 δὲ

82 2124 225 2216 λέγεται
241 2123 367 2208 κόσμος
382 2125 401 2194 ό
419 2124 495 2222 περί
513 2121 589 2201 τούς
607 2125 815 2222 βραχίονας,)
832 2121 876 2195 τό
895 2120 1024 2205 Λόδων,
1044 2123 1133 2213 (ἔστι
1151 2122 1185 2196 δὲ
1197 2144 1232 2206 15

83 2239 186 2324 ὄνομα
214 2245 396 2334 τοταμοῦ,)
413 2238 477 2312 ύτό
501 2237 709 2338 Ἀντιμάχου
736 2237 788 2310 διὰ
810 2246 872 2311 τοῦ
894 2269 915 2310 n
938 2238 1084 2310 κέκλιται
1110 2239 1187 2310 ἀνα-

83 2356 204 2447 λόγως,
232 2351 303 2426 οἷον
333 2354 498 2440 Λάδωνος,
524 2357 673 2434 ὡσαύτως
701 2355 735 2428 δὲ
763 2356 816 2426 καί
842 2353 906 2426 ύτδ
922 2353 1187 2448 Ἐρατοσθένους

83 2469 193 2555 ἐκλίθη
213 2468 381 2548 Λάδωνος·
410 2469 453 2544 τό
478 2472 591 2556 μέντοι
609 2472 723 2545 Νέδων
738 2479 787 2564 τῷ
811 2471 906 2564 λόγῳ
922 2477 988 2543 τῶν
1003 2477 1186 2569 μετοχικῶν

85 2584 135 2656 διὰ
169 2593 233 2659 τοῦ
272 2617 315 2658 ενι
348 2588 445 2659 κλίνει
474 2588 631 2688 Κόριννα,
663 2587 731 2660 οἷον
770 2585 948 2673 Νίδοντος,
982 2591 1015 2659 αι’
1041 2587 1076 2660 δὲ
1109 2589 1186 2687 περί

85 2700 227 2786 Δίδυμον
256 2703 309 2774 καί
336 2703 486 2776 Ἀπίωνα
515 2703 567 2778 διδ
593 2713 655 2778 τοῦ
677 2736 699 2778 α
725 2706 887 2776 κλίνονσιν
912 2704 1093 2798 ἀναλόγως,
1116 2704 1185 2776 οίον
1196 2730 1234 2770 νο

85 2817 243 2897 Νὲδωνος.
280 2818 333 2891 Τό
351 2819 479 2904 Μίδων,
498 2821 587 2912 (ἔστι
605 2821 640 2894 δὲ
655 2823 763 2918 κόριον
779 2821 910 2914 ὅνομα,)
930 2820 948 2889 ὁ
974 2818 1032 2903 μὲν
1048 2821 1186 2903 τοιητίις

79 2929 229 3034 Ὅμηρος
257 2934 309 3008 διὰ
334 2943 397 3008 τοῦ
425 2968 468 3010 τις
495 2942 605 3027 κλίνει,
627 2937 696 3012 οίον
722 2937 906 3022 Μέδοντος,
932 2941 981 3028 τῷ
1002 2935 1098 3028 λόγῳ
1120 2940 1187 3007 τῶν

85 3057 279 3150 μετοχικῶν,
293 3052 416 3132 Ἰσαῖος
427 3054 461 3127 δὲ
473 3057 491 3126 ὁ
502 3060 612 3155 ῥήτωρ
622 3056 674 3126 καί
683 3053 932 3151 Ἀριστοτέλης
942 3051 1186 3124 ε’νὈτουντίων

88 3165 254 3260 Πολιτείᾳ
282 3168 435 3248 Μίδωνος
464 3172 571 3268 φασίν
599 3171 781 3264 ἀναλόγως.
833 3169 886 3241 Τδ
916 3169 951 3241 δὲ
982 3171 1043 3240 κνό
1063 3200 1105 3240 ων
1137 3173 1188 3258 τῷ

86 3283 178 3377 λόγῳ
207 3290 274 3357 τῶν
300 3292 482 3383 μετοχικῶν
510 3285 564 3359 διὰ
591 3295 653 3358 τοῦ
685 3317 728 3358 κν
754 3287 909 3368 κλίνεται,
939 3286 991 3358 καί
1020 3286 1098 3362 ’ίσως
1131 3284 1184 3357 ότι
1196 3312 1233 3374 25

87 3402 241 3474 σύνθετον
267 3403 341 3474 ε’στὶ
370 3401 462 3502 παρὰ
487 3403 531 3475 τδ
556 3403 646 3481 όδούς
673 3401 808 3480 ὀδόντος
832 3403 884 3474 καί
907 3404 966 3486 τὴν
989 3408 1049 3473 τοῦ
1073 3403 1187 3472 ότλοῶ

86 3516 229 3615 ἐφύλαξε
245 3519 366 3605 κλίσιν,
384 3518 453 3592 οἷον
468 3523 509 3598 ὡς
526 3517 617 3618 παρῶ
634 3525 682 3612 τῷ
702 3519 884 3618 Σοφοκλεῖ,
909 3517 1105 3612 [Aj.1025.]

205 3711 282 3767 1058
297 3713 389 3767 αἰόλον
402 3712 553 3780 κνώδοντος,

88 3872 155 3944 ἀντί
171 3879 235 3945 τοῦ
250 3870 379 3971 ξίφους.

134 3989 189 4060 Τὰ
206 3992 250 4067 είς
267 4019 335 4060 ιον
352 3987 433 4086 ὑπὲρ
450 3988 505 4060 δύο
521 3987 697 4077 συλλαβὰς
714 3992 893 4089 βαρύτονα,
910 3993 955 4076 μὴ
972 3993 1055 4063 ὅντα
1072 3993 1183 4087 τορό-
1192 4026 1233 4083 30

90 4133 172 4187 ννμο,
189 4103 269 4189 μηδὲ
286 4105 426 4175 σύνθετο
444 4103 536 4203 παρὰ
552 4103 595 4176 τό
612 4104 714 4192 ὁδούς,
733 4105 785 4177 διὰ
811 4113 873 4179 ταῶ
896 4139 938 4180 nv
957 4109 1112 4188 κλίνεται,
1130 4106 1183 4176 καί

91 4217 236 4302 δηλονότι
262 4221 377 4320 τρίπει
398 4218 442 4291 τό
460 4251 481 4292 α
505 4224 548 4298 είς
572 4219 614 4292 τό
638 4253 657 4293 ο
681 4223 713 4292 ε’ν
731 4228 775 4318 τῇ
803 4229 923 4318 γενικῇ,
941 4219 1009 4294 οίον
1026 4218 1184 4292 Κιλόδων

92 4331 308 4420 Κιλόδοντος,
335 4335 422 4425 (ἔστι
449 4333 484 4408 δὲ
504 4337 606 4421 ὄνομα
632 4341 813 4432 τοταμοῦ,)
841 4336 1021 4423 Λαομέδων
1049 4335 1185 4420 Λαομέ-

93 4445 210 4538 δοντος,
233 4450 432 4537 Αύτομίδων
454 4452 718 4539 Αύτομίδοντος,
744 4455 907 4545 (ὀνόματα
936 4452 1046 4524 δὲκαὶ
1075 4457 1183 4525 ταῦτα

604 4591 623 4633 L
641 4587 659 4636 2
