2982 5022
300 323 338 386 18
592 325 796 386 rmPrlm'
817 323 1109 386 xotmmwr

298 497 480 594 Ἀχιλλεῖς
501 497 554 566 καῖ
576 494 620 568 τό
641 495 743 572 καλός
764 496 818 564 καῖ
839 493 884 566 τό
906 491 1017 590 σοφός
1032 495 1084 563 καῖ
1102 491 1144 564 τό
1160 491 1274 588 ταχὺς,
1291 489 1403 574 ε’τειδῆ

298 617 332 686 ε’ν
360 621 403 709 τῆ
432 614 607 703 τελευταίᾳ
637 613 796 704 συλλαβῆ
818 612 933 708 ἔχουσι
958 610 1019 692 τῆν
1044 607 1160 702 ὀξεῖαν,
1185 609 1222 678 οιῖ
1251 607 1402 680 δύνανται

298 735 471 802 καλεῖσθαι
506 729 687 826 βαρότονα,
720 727 793 797 οὐδὲ
826 725 896 824 γὰρ
927 728 1059 823 ἔχουσιν
1090 725 1123 794 ἒν
1155 729 1199 818 τῆ
1227 726 1403 815 τελευταίᾳ

300 847 458 940 συλλαβῇ
480 847 541 928 τῆν
563 846 713 940 βαρεῖαν
739 845 859 938 ἔχομεν
880 841 949 934 γὰρ
972 843 1099 922 κανόνα,
1122 841 1176 912 ότι
1202 847 1299 912 τιῖσα
1322 849 1406 911 συλ-

300 963 393 1051 λαβῆ
414 961 513 1058 χωρίς
534 968 593 1042 τῆς
615 961 789 1044 συλλαβῆς
805 967 864 1040 τῆς
880 959 1017 1055 ε’χοόσης
1033 955 1093 1028 τόν
1109 959 1215 1052 κόριον
1230 958 1329 1028 τόνον
1345 967 1429 1040 τῆς5

300 1075 416 1172 λέξεως
446 1079 584 1174 βαρεῖαν
613 1075 756 1172 &Qu-aa,
784 1075 836 1144 καῖ
870 1073 925 1145 ότι
956 1073 1024 1144 dra
1053 1074 1167 1150 τέλους
1195 1071 1404 1171 κανονίζομεν

300 1193 377 1271 τοὺς
393 1193 519 1270 τόνους.

213 1327 253 1397 37
271 1311 292 1374 b
349 1309 480 1380 Ἰστίον
499 1307 533 1378 δὲ
553 1309 606 1378 ὅτι
629 1307 675 1378 τὰ
698 1309 930 1404 παρεπόμενα
948 1306 1094 1378 δύνανται
1112 1311 1282 1378 καλεῖσθαι
1301 1307 1406 1404 βορό-

300 1455 394 1497 τουο.
430 1421 480 1494 Εῖ
503 1422 573 1521 γὰρ
593 1425 780 1520 βαρίτονον
799 1424 937 1515 λε’γεται
962 1422 1007 1494 τὸ
1028 1425 1082 1494 ε’·κῖ
1107 1424 1221 1500 τελους
1241 1423 1319 1518 ἕχον
1340 1425 1405 1510 βα-

300 1551 400 1639 ρεῖαν,
427 1539 496 1610 οῖον
520 1537 633 1636 φῖλδς,
656 1537 838 1636 ιῖνθρότδς,
863 1537 971 1622 δῆμός,
993 1539 1039 1610 τό
1063 1538 1098 1609 δὲ
1119 1539 1349 1634 περισπωμέυο
1372 1540 1405 1608 ἐν
1420 1563 1451 1600 ¹0

301 1661 350 1748 τῷ
368 1657 457 1728 τέλει
475 1657 589 1752 ἔχουσι
607 1658 668 1738 τῆν
684 1658 834 1753 βαρεῖαν,
848 1655 917 1727 οῖον
930 1655 1070 1751 Ἑρμῆς,
1085 1653 1266 1751 Ἡρακλῆς,
1284 1657 1317 1744 (ἦ
1335 1651 1405 1750 γὰρ

302 1773 532 1869 τεριστωμὲνη
557 1769 596 1866 ἐξ
614 1770 721 1866 όξείας
742 1774 794 1842 καῖ
821 1772 956 1867 βαρείας
980 1773 1160 1864 σόγκειται,
1184 1775 1202 1852 ἡ
1226 1769 1259 1840 δὲ
1284 1772 1404 1867 βαρεῖα

303 1888 477 1957 τελευταία
495 1889 614 1977 ε’στιν,)
632 1887 784 1969 δηλονότι
804 1885 951 1956 δύνανται
968 1884 1014 1956 τὰ
1031 1888 1259 1981 τεριστιίιμενα
1277 1882 1405 1966 δυνάμει

304 2005 475 2072 καλεῖσθαι
494 2003 674 2100 βαρύτονα.
710 2005 773 2072 Δεῖ
788 2001 823 2072 δὲ
839 2005 1005 2094 γινώσκειν
1022 2003 1075 2074 ότι
1093 2004 1181 2099 φασὶ
1198 2001 1290 2082 τινὲς,
1308 2005 1337 2072 εῖ
1352 2006 1406 2073 καῖ

304 2119 448 2210 λε’γομευ
465 2119 518 2191 ὅτι
537 2121 631 2190 τόσα
649 2119 806 2206 συλλαβῆ
823 2119 922 2214 χωρίς
937 2127 997 2200 τῆς
1009 2120 1181 2204 συλλαβῆς
1196 2127 1253 2199 τῆς
1268 2118 1408 2213 ε’χοιίσης
1421 2145 1450 2199 15

304 2231 365 2304 τόν
389 2234 496 2321 κόριον
519 2234 619 2304 τόνον
643 2241 702 2316 τῆς
727 2233 843 2328 λέξεως
867 2235 1005 2328 βαρεῖαν
1030 2233 1172 2330 δέχεται,
1195 2233 1273 2303 ἀλλ’
1292 2229 1347 2302 οόν
1370 2235 1408 2302 οὗ

305 2348 354 2420 δεῖ
376 2350 500 2420 τιθέναι
526 2348 588 2421 τόν
610 2351 707 2422 τόνον
727 2359 787 2432 τῆς
808 2351 953 2446 βαρείας,
968 2351 1021 2420 ἵνα
1040 2350 1085 2432 μῆ
1101 2347 1146 2420 τό
1163 2349 1287 2436 βιβλία
1304 2381 1409 2420 κατα-

304 2458 551 2558 χοριίττωνται·
569 2471 674 2542 καλῶς
689 2467 817 2560 (κακῶς)
831 2464 866 2536 δὲ
881 2466 1032 2557 λέγουσι,
1044 2465 1153 2554 τούτῳ
1166 2463 1233 2560 γὰρ
1245 2471 1294 2555 τῷ
1310 2465 1408 2558 λόγῳ

304 2575 358 2647 ε’δν
373 2575 509 2673 εὕρωμεν
525 2581 666 2666 βιβλίον
682 2579 767 2651 τόυυ
782 2581 995 2678 ἐσφαλμένον
1008 2583 1063 2652 οὐκ
1080 2581 1259 2676 ὀφείλομεν
1272 2579 1409 2677 διορθώ-

305 2696 430 2762 σασθαι
456 2691 548 2776 αότό,
573 2695 625 2764 ’ίνα
650 2695 695 2778 μῆ
719 2693 1001 2793 καταχαρόξωμεν
1027 2696 1119 2767 αι’ντό.
1159 2695 1329 2792 Κρεῖττου
1355 2695 1453 2768 οιῖνιο

304 2809 394 2878 ἐστιν
417 2809 527 2891 εῖτεῖυ,
546 2809 600 2880 ότι
624 2809 738 2907 ιῖστερ
759 2809 866 2881 ε’·κιίυω
890 2817 952 2882 τοῦ
972 2841 994 2882 u
1014 2813 1067 2882 καῖ
1092 2817 1154 2882 τοῦ
1174 2841 1196 2882 ο
1218 2814 1255 2881 οὖ
1276 2813 1408 2896 τίθεμεν

304 2919 365 2993 τόν
386 2924 491 2993 τότον
512 2933 571 3006 τῆς
595 2929 730 3023 μακρᾶς,
752 2927 860 3009 ε’τειδῆ
885 2929 1100 3020 ὡμολόγηται
1127 2929 1181 3000 ὅτι
1207 2927 1316 3026 μοιιριί
1344 2934 1407 3002 εῖσι

305 3043 423 3118 ταῦτα,
446 3039 498 3108 καῖ
524 3038 638 3136 ὥσπερ
663 3037 769 3111 ε’·κιίνω
793 3049 856 3114 τοῦ
878 3073 897 3114 κ
920 3045 973 3114 καῖ
998 3051 1059 3115 τοῦ
1084 3076 1104 3114 ο
1131 3047 1168 3115 οό
1192 3047 1323 3127 τίθεμεν
1347 3045 1409 3117 τὸν

306 3153 411 3224 Ινόμον
436 3162 495 3236 τῆς
522 3157 693 3252 βραχείας,
719 3157 828 3240 ε’τειδῆ
853 3158 1070 3250 ὡμολόγηται
1098 3160 1151 3230 ότι
1182 3161 1316 3256 βραχέα
1343 3163 1408 3231 εῖσῖ

306 3273 425 3348 ταῦτα,
439 3266 545 3339 ε’τόνω
561 3276 626 3340 τῶν
645 3269 811 3367 διχρόνων,
825 3275 911 3370 φημί
930 3271 967 3356 δῆ
984 3280 1047 3344 τοῦ
1064 3305 1083 3344 ιι
1101 3275 1152 3344 καῖ
1170 3279 1232 3345 τοῦ
1248 3303 1259 3344 ι
1278 3276 1330 3345 καῖ
1348 3283 1410 3346 τοῦ
1420 3302 1451 3360 25

306 3413 334 3466 ς,
355 3383 508 3465 τιθέαμεν
529 3385 687 3480 (τίθεμεν)
709 3396 755 3469 τῆ
778 3387 837 3468 μὲν
858 3387 918 3459 τόν
940 3390 1045 3461 τότον
1065 3398 1124 3472 τῆς
1147 3393 1282 3486 μακρᾶς,
1305 3399 1351 3472 τῆ
1376 3389 1410 3461 δὲ

307 3496 368 3569 τόν
391 3499 497 3570 τόπον
521 3507 581 3582 τῆς
604 3502 774 3597 βραχείας,
792 3503 901 3586 ἐπειδὴ
918 3502 1199 3602 ἀμφιβάλλοντας
1218 3512 1338 3586 ταῦτα,
1356 3509 1408 3578 κοῖ

309 3621 354 3694 πῆ
379 3613 438 3694 μὲν
463 3615 668 3696 ε’κτείυονται,
686 3626 731 3699 πῆ
753 3617 787 3688 δὲ
810 3620 1068 3701 συστέλλονται,
1086 3617 1146 3690 τόν
1163 3617 1411 3717 αὐτὸντρόπον

309 3726 360 3796 καί
378 3723 485 3796 ε’τιίνω
500 3736 559 3808 τῆς
571 3733 744 3816 συλλαβῆς
759 3741 818 3813 τῆς
834 3735 879 3816 μδ
895 3737 1032 3830 ἐχούσης
1048 3734 1109 3806 τόν
1122 3735 1229 3831 κιίριον
1241 3737 1339 3806 τόνον
1351 3745 1412 3818 τῆς

307 3838 425 3934 λέξεως
455 3844 492 3911 οὗ
521 3841 570 3913 δεῖ
597 3851 789 3942 προσθεῖναι
819 3849 880 3920 τὸν
908 3852 1012 3921 τόπον
1041 3860 1099 3933 τῆς
1128 3853 1273 3948 βαρείας,
1301 3853 1455 3940 ε’τειδῆηο

308 3958 534 4048 ὡμολόγηται,
562 3959 615 4030 ὅτι
642 3969 736 4032 πᾶσα
765 3968 920 4052 συλλαβῆ
946 3968 1045 4066 χωρίς
1071 3977 1129 4051 τῆς
1154 3972 1327 4056 συλλαβῆς
1355 3980 1412 4054 τῆς

283 4161 289 4170 ¹
309 4072 445 4166 ε’·χοιίσης
457 4071 518 4142 τόν
530 4075 636 4170 κόριον
648 4077 747 4147 τόνον
763 4087 821 4160 τῆς
838 4079 953 4175 λέξεως
970 4085 1107 4181 βαρεῖαν
1120 4084 1264 4181 δέχεται.
1289 4085 1412 4157 Ταῦτα

308 4185 367 4266 μὲν
382 4187 416 4256 ἕν
432 4188 572 4265 τοίσοις.

358 4299 497 4382 Ἐπειδὴ
521 4303 555 4374 δὲ
579 4307 716 4376 κανόνων
739 4312 961 4404 εἰσαγωγικῶν
986 4317 1153 4398 μέλλομεν
1179 4315 1356 4414 ἄρχεσθαι,
1381 4323 1411 4390 ἐν

309 4415 450 4510 ε’τιτομῆ
476 4416 509 4486 δὲ
536 4421 671 4498 τούτους
696 4423 916 4520 παραδίδωσιν
942 4435 1015 4512 ἡμῖν
1040 4435 1058 4500 ὁ
1086 4431 1276 4516 Θεοδόσιος,
1302 4433 1453 4518 μόθον-35
