2972 5014
387 325 455 386 ενα
476 325 533 387 m
555 325 848 387 ουοιικτικου.
892 271 894 274 ’
1110 316 1175 402 3⁶3

37 494 200 588 ’γενικὴν
217 495 269 566 καί
288 493 415 579 δοτικὴν
432 498 575 594 ἔχουσιν.
626 493 677 564 Ἡ
695 493 763 592 γάρ
784 493 949 575 αι’τιοτικίη
970 493 1023 563 καί
1039 491 1174 574 κλητικίη

37 611 282 707 ὁμωφονοῦσι
296 615 339 703 τῇ
355 609 468 700 εόθείῳ,
484 605 553 680 οἷον
566 607 609 680 τδ
625 610 718 697 βῆμα
734 616 797 680 τοῦ
812 611 965 697 βήματος
980 614 1031 700 τῷ
1045 609 1173 695 βήματι

35 723 111 797 τὸ
129 727 224 813 βῆμα
240 725 266 796 δ
282 726 385 813 βῆμα,
401 722 444 797 τό
461 723 561 818 ξύλον
576 731 638 796 τοῦ
662 723 760 818 ξόλον
785 731 834 816 τῷ
857 723 943 818 ξνλῳ
965 721 1008 796 τδ
1032 721 1176 818 ξυλονώ

41 840 181 936 ξύλον.
270 841 302 912 αί
334 839 427 936 άξιον
447 842 519 913 ε’στι
548 837 699 940 ζητῆσαι,
724 839 813 913 διοτί
836 842 1013 940 τρίπτιοτο
1039 842 1102 912 εἶσί
1127 837 1173 912 τά

43 956 236 1053 οὐδέτερα,
265 956 317 1026 καί
346 957 439 1028 ἔστιν
468 959 568 1026 είπεῖν
597 956 787 1049 ἀπολογίαν
819 957 984 1039 τοιαώτην·
1035 955 1080 1028 τά
1115 957 1199 1055 (ἀρ-5

45 1071 180 1145 σενικά
197 1074 249 1145 καὶ
266 1072 312 1146 τά
338 1071 459 1157 θηλνκά
484 1070 710 1144 πεντάπτωτα
733 1074 796 1144 είσί
818 1070 902 1171 πρὸς
916 1073 978 1157 τὴν
994 1073 1174 1157 ποσότητα

45 1195 135 1262 τῶν
170 1195 305 1264 τελικῶν
339 1192 530 1287 συμφώνων.
598 1187 736 1270 Ἐπειδὴ
770 1185 839 1286 γάρ
881 1189 980 1261 πέντε
1013 1189 1173 1286 σώμφιονα

47 1309 185 1403 ἔχουσι
207 1304 322 1378 τελικὰ
348 1336 381 1390 α,
400 1333 432 1388 α,
452 1335 480 1388 ε,
500 1333 530 1390 2,
547 1335 580 1391 ν,
604 1305 726 1377 τούτου
754 1301 853 1401 χάριν
880 1305 943 1376 εἶσί
969 1305 1022 1375 καί
1052 1302 1174 1376 πεντά-

51 1447 203 1494 τιτκωτα·
221 1419 266 1493 τά
303 1421 498 1518 ὲοόδὲτερα,
516 1419 625 1504 ἐπειδὴ
641 1421 719 1518 τρία
737 1421 897 1518 σάμφυνα
914 1422 1028 1518 ἔχουσι
1045 1419 1173 1506 τελικὰ,

54 1569 101 1622 Ν,
124 1549 202 1624 m,
217 1539 339 1611 τούτου
355 1535 453 1635 χάριν
469 1535 522 1608 καί
544 1538 721 1635 τρίπτιυτα
744 1538 835 1609 είσίν.
878 1536 989 1611 Ἐστι
1016 1536 1050 1610 δὲ
1075 1539 1222 1610 είπεῖνῐΟ

54 1654 123 1725 καί
158 1653 264 1737 ἄλλην
297 1654 488 1746 ἀπολογίαν
521 1655 687 1738 τοιαύτην
728 1653 774 1726 τά
809 1653 962 1752 οὐδέτερα
990 1653 1045 1726 δόο
1078 1660 1174 1726 τινών

55 1772 351 1868 προῦποκειμίνιον
367 1777 537 1843 ποιοῦνται
560 1772 734 1870 ἀναίρεσιν.
787 1769 970 1868 Οόδίτερον
987 1769 1022 1842 δί
1038 1772 1111 1842 ἐστι
1129 1768 1172 1842 τό

56 1887 117 1972 μὴ
133 1886 171 1958 όν
184 1885 221 1958 δν
236 1889 271 1958 εἰς
287 1893 353 1960 τῶν
370 1886 425 1959 δόο
441 1893 507 1958 τῶν
523 1889 803 1985 προῦποκειμένιον
821 1893 931 1980 γενῶν,
945 1887 1036 1981 λέγω
1053 1886 1090 1972 δίη
1107 1893 1174 1961 τῶν

58 2005 245 2101 ἆρσενικῶν
260 2006 313 2077 καί
331 2009 482 2089 θηλυκῶν.
531 2003 672 2088 Ἐπειδὴ
689 2002 742 2076 οὖν
758 2001 804 2076 τά
825 2003 978 2102 οὐδέτερα
1002 2004 1057 2076 δόο
1077 2012 1173 2077 τινῶν

59 2121 352 2218 προῦποκειμίνιον
385 2127 555 2192 ποιοῦνται
586 2121 761 2219 ἀναίρεσιν,
795 2121 972 2194 τουτέστιν
1005 2123 1173 2219 ἀρσενικοῦ
1186 2139 1219 2202 15

62 2238 123 2309 καί
142 2241 280 2320 θηλυκοῦ
296 2239 416 2330 γένους,
432 2239 555 2310 τούτου
571 2235 670 2334 χάριν
685 2238 738 2308 καί
756 2237 811 2310 διίο
828 2240 984 2309 πτώσεων
1000 2245 1173 2310 ποιοῦνται

63 2356 246 2452 ἀναίρεσιν,
275 2356 328 2426 καί
356 2351 476 2426 λοιπδν
503 2355 705 2451 εὑρίσκονται
734 2364 823 2452 τρεῖς
847 2354 943 2438 μόναι
974 2357 1116 2433 πτώσεις
1140 2357 1173 2426 ἐν

64 2481 144 2549 τοῖς
161 2469 348 2568 οὐδετέροις.
399 2470 517 2541 Ταῦτα
534 2469 593 2553 μὲν
609 2472 641 2540 ἐν
657 2471 798 2546 τοίττοις.

123 2589 187 2658 Δεῖ
202 2591 368 2680 γινώσκειν
380 2586 434 2658 ὅτι
451 2587 544 2679 λε’γει
562 2587 580 2656 ὁ
598 2584 755 2682 τεχνικός,
767 2589 807 2663 ώς
822 2585 967 2657 καθόλου
980 2599 1000 2628 “
1010 2590 1077 2658 πᾶν
1087 2586 1174 2658 οὖδά-

66 2735 169 2802 τερον
185 2702 254 2775 ἀπὸ
270 2705 438 2802 ἀρσενικοῦ
465 2703 688 2796 γεγενημένον,
706 2702 860 2785 δηλονότι
887 2699 972 2772 κατὰ
996 2732 1221 2800 παρασχη-οο

65 2818 248 2904 ματισμδν,
273 2820 333 2902 την
359 2826 421 2891 τοῦ
447 2821 614 2916 ἀρσενικοῦ
641 2820 749 2888 κλίσιν
768 2815 976 2914 ε’πιδίχεται”
997 2816 1049 2886 καί
1076 2819 1109 2886 ἐν
1131 2812 1173 2912 τῇ

68 2941 181 3028 γενικῇ
201 2934 252 3005 καί
270 2935 302 3004 ἐν
321 2941 363 3029 τῇ
388 2934 510 3029 δοτικῇ,
528 2931 597 3006 οἷον
622 2937 641 3005 ὁ
667 2932 766 3010 κολδς
790 2939 853 3006 τοῦ
875 2939 978 3004 καλοῦ
1001 2940 1050 3024 τῷ
1071 2941 1173 3026 καλῷ,

69 3049 116 3123 τδ
129 3048 230 3122 καλὸν
246 3057 308 3122 τοῦ
323 3055 426 3121 καλοῦ
441 3057 489 3140 τῷ
507 3053 641 3142 καλῷ,ὁ
660 3048 770 3148 σοφός
786 3055 849 3121 τοῦ
865 3055 978 3147 σοφοῦ
993 3056 1042 3141 τῷ
1060 3055 1172 3148 σοφῷ,

70 3165 116 3239 τδ
132 3167 244 3264 σοφόν
260 3175 320 3239 τοῦ
345 3173 458 3265 σοφοῦ
480 3174 528 3258 τῷ
551 3173 661 3264 σοφῷ,
685 3168 704 3236 ὁ
730 3166 863 3264 μέτριος
887 3173 949 3238 τοῦ
973 3168 1109 3265 μετρίου
1124 3174 1174 3258 τῷ

69 3284 202 3379 μετρίῳ,
219 3282 261 3354 πδ
284 3285 419 3381 μέτριον
434 3290 497 3355 τοῦ
512 3285 646 3380 μετρίου
661 3289 711 3373 τῷ
726 3283 858 3381 μετρίῳ,
875 3284 894 3352 ὁ
912 3282 1095 3380 ἀλλότριος
1111 3289 1173 3355 τοῦ
1183 3313 1197 3352 2
1201 3311 1217 3370 5

70 3401 256 3497 ἀλλοτρίου
277 3407 325 3491 τῷ
346 3399 526 3495 ἀλλοτρίῳ,
553 3399 595 3471 τδ
621 3399 806 3495 ἀλλότριον
830 3405 892 3470 τοῦ
917 3399 1099 3495 ἀλλοτρίου
1121 3406 1170 3491 τῷ

71 3517 251 3613 ἀλλοτρίῳ,
268 3518 287 3586 ὁ
305 3519 443 3614 εὔγηρως
463 3524 524 3588 τοῦ
541 3519 665 3613 εόγηριο
680 3520 729 3606 τῷ
747 3518 880 3611 εὕγηρῳ,
898 3513 941 3586 τὸ
959 3517 1095 3612 εὔγηρον
1109 3521 1172 3588 τοῦ

71 3635 194 3730 εὔγηρυν
227 3640 276 3724 τῷ
304 3635 438 3730 εδγηρῳ,
468 3634 487 3703 ὁ
520 3634 622 3716 με’λας
651 3639 712 3704 τοῦ
735 3632 875 3716 με’λανος
899 3639 949 3724 τῷ
973 3633 1101 3717 με’λανι,
1127 3634 1171 3703 τὸ

73 3749 175 3831 μέλαν
195 3756 258 3821 τοῦ
272 3751 411 3833 μέλανος
427 3756 476 3841 τῷ
494 3749 656 3833 με’λανι,ὁ
680 3750 823 3845 σώφρων
839 3753 900 3820 τοῦ
924 3749 1100 3846 σώφρονος
1123 3754 1173 3839 τῷ

74 3867 233 3962 σώφρονι,
246 3865 288 3938 τδ
305 3871 443 3964 σῶφρον
455 3873 517 3938 τοῦ
533 3869 702 3962 σώφρονοι
719 3870 767 3956 τῷ
786 3869 946 3964 σώφρονι,
960 3867 979 3936 ό
993 3862 1099 3944 τάλας
1111 3873 1220 3946 τοῡ3ο

74 3977 215 4058 τάλονος
243 3989 292 4072 τῷ
322 3979 453 4064 τάλανι,
479 3980 521 4052 τό
542 3978 651 4053 τάλαν
675 3989 737 4052 τοῦ
758 3979 902 4059 τάλονος
927 3987 976 4073 τῷ
1002 3979 1172 4066 τάλανι,ὁ

74 4101 137 4174 πᾶς
160 4104 221 4168 τοῦ
245 4095 370 4176 παντός
391 4105 442 4190 τῷ
466 4098 577 4180 παντί,
594 4095 636 4168 τδ
654 4101 721 4168 πᾶν
737 4104 799 4168 τοῦ
818 4096 943 4176 παντὸς
958 4105 1006 4188 τῷ
1023 4097 1172 4177 ποντί,ό

74 4215 276 4310 λιτότατρις
308 4223 370 4286 τοῦ
403 4211 646 4313 λιποπάτριδος
671 4221 721 4306 τῷ
745 4211 979 4311 λιποπότριδι,
1004 4211 1047 4284 τδ
1073 4209 1173 4282 λιπό-

75 4362 176 4430 πατρι
206 4339 267 4403 τοῦ
300 4328 545 4430 λιποπάτριδος
573 4337 623 4420 τῷ
654 4328 887 4427 λιποπάτριδι,
913 4329 932 4397 ὁ
962 4328 1087 4424 χαρίεις
1113 4329 1173 4396 τοῦ

9 4451 61 4535 r7b
76 4449 243 4545 χαρίεντος
258 4455 307 4539 τῷ
323 4447 482 4546 χαρίεντι,
495 4444 539 4517 τδ
556 4441 670 4544 χάριεν
683 4453 745 4518 τοῦ
761 4446 934 4543 χαρίεντος
950 4449 998 4533 τῷ
1015 4443 1174 4540 χαρίεντι,
1184 4467 1221 4530 35

587 4579 681 4645 3⁴2
