2954 5024
363 304 364 308 ‘
399 312 466 373 ειν
487 311 544 374 το
566 311 856 374 ουουικιιιιοιι.
1118 310 1179 394 263

54 476 279 565 Μενιλᾶοιν,
296 485 410 578 τροπή
423 485 486 554 τοῦ
503 511 523 552 ο
541 481 584 559 είς
599 477 642 553 τδ
659 510 693 566 α,
708 480 760 552 καί
782 487 841 563 τήν
862 479 1121 577 παροληγαιίσιις
1136 484 1180 560 είς

54 593 120 666 ’κδ
151 624 184 681 ιι,
208 590 258 665 διδ
282 594 336 664 καί
364 594 432 690 ἔχει
457 590 500 665 τδ
527 623 551 665 ι.
603 592 711 666 Πᾶσα
736 591 805 692 γὰρ
830 591 942 678 δοτική
970 595 1025 666 ἐπὶ
1054 595 1184 676 παντὸς,

59 709 223 806 ἀριθμοῦ
249 706 292 780 τδ
318 737 330 779 ι
358 709 444 782 θέλει
473 709 560 804 ἔχειν
584 709 617 778 ε’ν
645 716 689 804 τῇ
715 709 889 800 τελευταίᾳ
917 710 1083 804 συλλαβή,
1109 709 1180 782 οἷον

64 829 182 914 καλῶ,
215 827 326 921 σοφῷ,
359 824 492 920 κοχλίρ,
527 831 652 906 καλοΐν,
685 828 822 920 σοφοῖν,
857 825 1020 921 κοχλίαιν,
1053 833 1178 912 καλοῖς,

69 943 217 1035 σοφοῖς,
242 939 402 1035 κοχλίαις.
454 937 553 1010 Πότε
579 937 614 1010 δὲ
639 940 695 1010 οὐκ
723 939 791 1035 ἔχει
820 937 863 1010 τδ
890 969 901 1010 ι
928 943 947 1023 »5
978 939 1088 1025 δοτική
1114 946 1205 1021 πῶν5

69 1056 197 1137 ἑνικῶν,
214 1055 247 1125 έν
261 1061 304 1149 πή
322 1052 434 1148 δοτική
451 1059 513 1126 ποῶ
528 1053 666 1150 κοχλίας
682 1057 919 1139 μεμαθήκαμεν.

130 1168 211 1239 “Ὠ
228 1169 392 1242 Μενέλεω.
433 1168 589 1268 Εἴρηται.
633 1169 682 1240 Οί
698 1168 879 1261 Μενελεῳ.”

130 1283 250 1379 Λέγει,
267 1284 321 1357 δτι
338 1285 390 1356 καί
408 1291 511 1358 τοῦτο
529 1281 597 1356 ἆπδ
613 1290 676 1356 τοῦ
696 1291 802 1356 κοινοῦ
818 1286 965 1380 γέγονεν,
984 1286 1052 1360 ἇπδ
1068 1295 1131 1362 τοῦ
1147 1291 1181 1361 οί

69 1400 262 1488 Μενέλαοι,
274 1406 385 1500 τροπή
398 1407 462 1473 τοῦ
478 1431 497 1472 ο
514 1401 557 1478 είς
569 1429 603 1488 α,
616 1399 668 1470 καί
685 1408 744 1484 τῆς
756 1403 1012 1498 παροληγοθσης
1025 1401 1178 1488 δηλονότι

70 1520 123 1594 είς
150 1513 192 1587 τδ
217 1547 248 1588 ι.
299 1514 353 1588 Τδ
379 1515 414 1588 δέ
439 1515 545 1588 κοινόν
570 1517 662 1588 ἔστιν
689 1519 722 1587 οί
746 1515 924 1601 Μενέλαοι,
950 1518 1059 1604 ε’πειδή
1083 1523 1178 1594 πᾶσα
1191 1546 1228 1588 10

21 1631 61 1694 b
73 1634 185 1705 εὗθεΐα
202 1629 309 1702 δυῐκῶν
324 1633 368 1709 είς
384 1661 406 1702 ο
421 1631 511 1724 μέγα
527 1633 680 1723 λήγουσα
697 1633 740 1706 είς
755 1632 815 1714 τήν
831 1661 864 1704 αι
882 1631 1075 1730 δίφθογγον
1092 1647 1181 1708 ποιεῖ

72 1750 142 1833 τήν
164 1749 284 1822 ειίθεῖαν
304 1753 371 1820 τῶν
395 1750 627 1832 πληθυντικῶν,
643 1747 743 1844 χωρίς
761 1752 827 1820 τῶν
843 1746 1026 1846 οὐδετέρων,
1044 1751 1114 1823 οἷον
1129 1751 1179 1824 τῶ

74 1863 172 1938 καλῶ
189 1863 344 1948 οἱκαλαί,
361 1863 409 1934 τῶ
426 1861 526 1960 σοφῶ
549 1865 583 1934 οί
603 1862 723 1959 σοφοί,
740 1869 789 1955 τῶ
810 1863 947 1962 Ὁμήρῳ
970 1867 1004 1937 αι’
1021 1864 1178 1965 ’Όμηροα

74 1988 130 2073 τῷ
153 1981 310 2078 ἆνθριίπφ
332 1981 365 2051 οἱ
388 1977 566 2077 ἄνθρωποι,
582 1975 683 2056 οίίτιος
698 1977 751 2050 καί
768 1979 816 2051 τῶ
834 1975 996 2052 Μενελιίιο
1017 1982 1051 2052 αι’
1073 1980 1179 2054 Μενί-

75 2107 174 2182 λαοι,
194 2095 246 2167 καί
269 2094 318 2168 τῶ
344 2091 502 2166 Νικολιίιο
527 2097 561 2165 οί
584 2093 762 2167 Νικόλαοι.
814 2093 1020 2192 Πρόσκειται
1047 2108 1067 2138 “
1079 2095 1178 2194 χωρίς
1190 2125 1225 2190 15

76 2217 150 2284 τῶν
182 2209 383 2308 οίδετέροιν,”
410 2207 519 2293 έκειδή
547 2210 621 2280 ἔστι
655 2205 703 2280 τῶ
733 2204 820 2302 ξυλιο
848 2209 901 2280 καί
933 2209 982 2282 τῶ
1012 2207 1128 2307 δένδρα
1159 2215 1179 2296 »5

77 2330 186 2402 εὐθεῖα
201 2331 266 2400 τῶν
283 2325 399 2409 δυΐκῶν,
416 2325 469 2396 καί
489 2325 615 2418 γίνεται
639 2326 658 2406 »5
681 2323 785 2396 είθεῖα
809 2327 874 2395 τῶν
895 2328 1117 2406 πληθυντικῶν
1132 2323 1179 2399 τὰ

78 2442 167 2539 ξυλα
190 2444 243 2514 καί
268 2439 314 2514 τὰ
339 2439 462 2538 δένδρα·
495 2437 548 2511 καί
578 2437 646 2511 ι’δοίι
676 2442 694 2520 »5
719 2439 823 2511 εὐθεῖα
852 2443 918 2511 τῶν
946 2437 1054 2512 δυῖκῶν
1084 2444 1128 2520 είς
1156 2471 1178 2516 α

78 2564 192 2652 λήγει,
207 2556 259 2630 καί
281 2557 319 2628 οδ
338 2561 434 2652 λήγει
457 2557 500 2634 είς
515 2555 575 2640 τήν
592 2585 625 2627 οι
643 2553 837 2654 δίφθογγον
853 2558 872 2638 »5
889 2556 992 2628 εὐθεῖα
1011 2563 1077 2630 τῶν
1092 2567 1180 2644 πλη-

80 2679 244 2747 θυντικῶν.
296 2670 432 2744 Ταίσων
456 2669 556 2749 οὕτως
580 2671 733 2767 έχόντιον,
758 2671 852 2742 ἔστιν
872 2671 905 2742 οί
930 2671 1108 2757 Μενέλαοι,
1124 2675 1227 2749 καίεο

78 2797 194 2890 τροπή
209 2794 271 2861 ταῶ
287 2819 306 2860 ο
324 2789 367 2866 είς
384 2819 405 2859 α
421 2788 473 2858 καί
489 2795 547 2871 τής
563 2788 821 2884 παραληγοιίσης
844 2783 997 2869 δηλονότι
1023 2790 1065 2865 εἰς
1087 2781 1131 2860 πδ
1158 2819 1178 2860 ιι

81 2906 220 3000 γέγονεν
236 2909 269 2976 αι’
287 2905 452 2997 Μενέλεῳ,
469 2905 521 2975 καί
542 2905 627 2988 μένει
644 2901 687 2976 τδ
706 2933 717 2974 ι
735 2904 1060 3001 προσγεγραμμένον
1076 2905 1179 3000 ἆναγ·

79 3020 184 3098 καίως.
222 3018 329 3091 Πᾶσα
347 3016 415 3116 γὰρ
432 3020 535 3092 εὖθεῖα
551 3023 773 3102 πληθυντικῶν
790 3018 939 3115 ιἰρσενική
955 3051 995 3090 τε
1011 3019 1030 3104 ή
1047 3023 1177 3108 θηλυκή,

80 3136 310 3220 ἆνεπέκπατος,
327 3131 396 3206 ιἰπδ
413 3135 518 3206 ἑνικῶν
534 3134 709 3219 κεκλιμένη,
722 3137 765 3212 είς
782 3139 907 3234 φωνήεν
923 3139 1087 3229 λήγουσα,
1104 3139 1147 3215 είς
1164 3167 1176 3210 ι

81 3252 170 3324 θέλει
195 3256 319 3344 λήγειν,
345 3247 414 3322 οἷον
442 3249 550 3332 καλοί,
575 3251 693 3347 σοφοί,
718 3251 866 3348 κοχλίαι,
890 3249 1029 3338 Αίνεῖαι,
1056 3253 1175 3350 σοφαί,
1188 3283 1223 3343 25

81 3373 212 3452 μοῦσαι,
233 3364 368 3460 ἅμαξαι.
420 3364 626 3463 Πρόσκειπαι
649 3375 672 3408 “
685 3366 834 3464 ιἰρσενική
857 3366 876 3449 ή
901 3368 1039 3449 θηλυκή”
1056 3365 1108 3437 διὰ
1133 3366 1177 3438 τὰ

83 3481 244 3580 οιίδέτερα,
261 3479 340 3566 οίον,
352 3479 397 3553 τὰ
414 3483 562 3570 βήματα,
579 3479 624 3552 τὰ
641 3479 737 3576 ξύλα,
749 3479 794 3554 τῶ
813 3480 936 3578 δένδρα.
969 3479 1054 3552 Ἰδοὺ
1070 3487 1178 3552 ταῦτα

84 3597 303 3690 οί.λήγουσιν
326 3599 369 3674 εἷς
392 3627 415 3668 ι.
466 3605 489 3638 “
507 3595 770 3675 Ἀνεπέκπατος”
787 3595 821 3667 δὲ
841 3595 1047 3692 πρόσκειται,
1066 3592 1117 3666 διδ
1134 3594 1177 3668 τδ

84 3709 206 3783 τοιοίδε
236 3711 290 3783 καί
321 3709 467 3784 τοσοίδε·
501 3717 608 3784 ταῦτα
634 3709 703 3807 γὰρ
731 3713 768 3783 οὐ
797 3715 958 3804 λήγουσιν
983 3713 1025 3788 είς
1050 3741 1073 3794 ι,
1099 3710 1178 3783 ἄλλ’

85 3826 258 3898 ίτέκπασιν
289 3833 347 3910 τῆς
376 3853 417 3898 A:
447 3827 619 3915 συλλαβῆς
651 3823 854 3922 ἆνεδέξαντο.
907 3824 1113 3924 Πριίσκειται
1143 3825 1227 3916 δὲηο

85 3953 106 3984 “
121 3937 188 4012 ιἰπδ
204 3940 309 4012 ἑνικῶν
324 3939 509 4025 κεκλιμένη”
520 3939 572 4012 διὰ
589 3940 631 4013 τδ
649 3944 683 4014 οἱ
697 3942 805 4026 πέντε,
823 3945 855 4012 οἱ
871 3939 970 4028 ἑπτὰ,
988 3944 1021 4014 οί
1037 3942 1133 4026 δκτῶ,
1147 3946 1181 4015 οἱ

84 4055 166 4128 δέκα·
200 4061 308 4128 ταῦτα
337 4053 406 4154 γδρ
435 4057 473 4127 οὗ
505 4060 664 4149 λήγουσιν
695 4059 738 4134 είς
768 4087 793 4144 ι,
819 4057 896 4128 ἀλλ’
922 4058 978 4128 οὐκ
1003 4058 1085 4130 είσὶν
1110 4055 1178 4130 ἇπδ

85 4173 185 4244 ἑνικῶν
208 4169 388 4257 κεκλιμένα,
411 4171 467 4242 οιίκ
491 4172 605 4266 ἔχουσι
629 4168 697 4268 γὰρ
720 4168 817 4257 ἔνικίι,
835 4170 944 4255 ε’πειδή
960 4169 1003 4244 τδ
1024 4171 1180 4256 σημαινό-

85 4318 175 4374 μενον
191 4287 312 4359 κιολιίει·
338 4292 405 4364 πῶς
422 4283 491 4384 γὰρ
508 4287 541 4356 οί
556 4286 655 4357 πέντε
670 4285 723 4357 καί
746 4287 781 4357 οί
800 4284 887 4358 ἔπτὰ
904 4286 956 4358 καί
974 4288 1008 4356 οἱ
1023 4283 1107 4357 ὁκτῶ
1125 4286 1178 4356 καί

88 4407 117 4475 οί
147 4401 222 4475 δέκα
257 4402 405 4476 δίνανται
443 4403 531 4494 ἓνικῶ
565 4403 692 4498 ἀριθμῶ
727 4405 941 4498 θεωρηθῆναι;
991 4396 1076 4471 Ἐὰν
1109 4397 1178 4496 γὰρ
1188 4433 1225 4493 35
