2954 5020
281 317 326 382 54
573 299 777 359 ΓΕΩΡΓΙΟΤ
800 297 1096 360 ΧΟΙΡΟΒΟΣΚΟΥ
1425 307 1453 366 Κ

281 467 351 544 οίον
374 465 539 567 Ἰορδάνης
566 465 743 564 Ἰορδάνου,
771 465 984 562 Ἐξαστάνης
1008 465 1232 563 Ἐξοστάνου,
1256 468 1412 556 Ἀΐάνης

282 583 429 671 Ἀίὶίνου,
446 580 617 680 Βαρδάνης
634 581 820 682 Βαρδάνον.

332 701 389 772 Τὰ
406 699 458 772 διδ
471 705 533 772 τοῦ
548 703 629 797 ώρης
645 701 698 770 καί
714 697 760 771 τά
778 697 831 770 διδ
848 706 910 772 τοῦ
934 703 1011 796 ήρης
1036 703 1080 776 είς
1106 730 1165 772 οτι
1189 702 1306 798 ἔχουσι
1333 706 1410 788 τήν

283 817 418 913 γενικήν,
436 813 504 888 οίον
530 820 695 913 χαλκήρης
721 820 914 912 χαλκήρους,
932 813 1075 914 ξιφήρης
1101 815 1272 915 ξιφήρους,
1299 825 1410 916 τριή-

282 965 339 1032 ρης
363 937 522 1031 τριήρους,
541 936 700 1030 φρενήρης
721 938 909 1031 φρενήρους,
936 937 1064 1030 πλήρης
1089 937 1246 1031 πλήρους,
1265 937 1408 1033 Διώρης
1418 955 1440 1020 5

284 1050 438 1144 Διώρους,
457 1049 545 1139 (ἔστι
564 1047 597 1119 δὲ
615 1050 717 1133 ὄνομα
734 1050 866 1146 κιίριον,)
885 1051 1026 1146 ὐληώρης
1043 1051 1214 1146 ὐληώρονς.

334 1162 389 1236 Τά
408 1163 459 1236 διὰ
477 1171 538 1236 τοῦ
555 1195 641 1236 nm
659 1167 701 1242 είς
725 1194 783 1235 ονε
809 1167 923 1261 ἔχουσι
940 1164 1000 1247 τήν
1019 1166 1155 1258 γενικήν,
1174 1162 1244 1236 οίον
1259 1173 1403 1265 πει-ρώ-

283 1279 336 1362 δης
361 1279 554 1380 πετρώδους,
579 1281 719 1366 λιμώδης
743 1281 910 1365 λιμώδους,
931 1279 1091 1364 κτηνώδης
1116 1280 1305 1367 κπηνώδους,
1333 1315 1404 1354 πυ-

282 1394 383 1496 ρώδης
399 1397 570 1496 πυρώδους.

333 1511 389 1584 Τά
407 1517 449 1592 είς
463 1544 505 1586 ειν
519 1512 586 1585 ίιπδ
602 1512 756 1610 ῥημάτων
768 1515 908 1586 σύνθετα
926 1514 1108 1611 βαριίκονα,
1125 1513 1169 1596 μή
1187 1514 1270 1585 ὄντα
1287 1515 1399 1612 κύρια,
1416 1552 1455 1590 ιο

282 1629 326 1716 μή
351 1631 474 1728 ἔχοντα
501 1629 668 1726 οὐδέτερον
691 1635 734 1710 είς
760 1661 810 1714 ιιι,
836 1634 879 1708 είς
905 1631 966 1714 τήν
990 1661 1031 1702 ου
1057 1630 1252 1729 δίφθογγον
1274 1633 1399 1728 ἔχουσι

282 1747 342 1830 τήν
373 1749 507 1842 γενικήν,
534 1745 603 1820 οἷον
628 1754 738 1832 πωλῶ,
764 1750 984 1832 παντοπώλης
1010 1749 1245 1828 παντοπώλου,
1267 1755 1398 1846 μετρῶ,

284 1866 469 1961 γεωμέτρης
503 1865 701 1960 γεωμέτρου,
737 1867 857 1963 τρίβω,
901 1863 1121 1961 παιδοτρίβης
1155 1863 1398 1962 παιδοτρίβου,

285 1980 421 2076 ὀφείλω,
443 1982 646 2079 χρεωφείλης
667 1983 883 2079 χρεωφείλου,
901 1983 1014 2069 βαίνω,
1032 1978 1195 2068 ναυβάτης
1213 1980 1398 2069 ναυβάταν,

284 2102 380 2180 μισῶ,
398 2097 576 2195 ε’ργομίσης
600 2098 791 2196 ἐργομίσου,
811 2100 937 2180 τύπτω,
960 2099 1155 2195 προτύπτης
1180 2099 1397 2194 προτύπτου.
1413 2131 1449 2192 ¹5

287 2211 493 2309 Πρόσκειται
515 2225 536 2256 “
550 2215 737 2312 βαριίτουα”
755 2212 806 2285 διά
832 2213 875 2286 τδ
896 2215 1079 2302 βέβλημαι,
1097 2215 1205 2302 άβλής
1226 2214 1397 2301 άβλῆτος,

286 2331 305 2398 δ
333 2327 491 2428 ἄτρωτος,
517 2332 665 2414 τέθνηκα,
691 2332 820 2414 ήμιθνής
845 2335 1028 2415 ἡμιθνῆτος,
1053 2331 1227 2429 τίτρημοι,
1253 2333 1398 2430 ἧμιτρής

287 2445 474 2541 ήμιτρΐητος·
501 2451 607 2516 ταῦτα
625 2443 692 2542 γὰρ
711 2445 762 2517 διὰ
779 2453 841 2518 τοῦ
865 2477 927 2518 τος
952 2447 1128 2530 κλίνονται,
1146 2448 1223 2518 ἁλλ’
1244 2448 1300 2517 οὐκ
1326 2449 1396 2519 είσί

287 2561 467 2656 βαριίτονα,
478 2563 557 2633 ἀλλ’
568 2560 717 2656 δξύτονα.
742 2564 949 2660 Πράσκειται
968 2573 990 2606 “
1001 2565 1046 2647 μή
1060 2564 1141 2634 ὄντα
1154 2563 1262 2661 κιίρια”
1275 2561 1329 2634 διὰ
1347 2563 1396 2636 τὸ

287 2683 406 2774 κρατῶ,
433 2675 608 2778 Σωκράτης
636 2677 839 2776 Σωκράτους·
867 2686 970 2751 τοῦτο
995 2677 1063 2777 γάρ
1085 2682 1129 2757 είς
1156 2709 1216 2750 οτι
1238 2681 1305 2775 ἔχει
1329 2681 1397 2762 τήν
1409 2719 1448 2760 20

289 2797 425 2888 γενικήν,
451 2797 502 2868 καί
529 2797 583 2866 οὐκ
610 2798 653 2872 είς
677 2796 736 2878 τήν
763 2825 802 2867 ow
827 2793 1030 2894 δίφθογγον·
1062 2793 1153 2867 άλλά
1177 2795 1270 2891 κάρια
1296 2797 1395 2868 είσίν.

280 2911 367 2984 Ἔτι
394 2913 588 3009 πρόσκειται
610 2924 630 2954 “
643 2911 686 2996 μή
710 2913 832 3008 ἔχοντα
854 2911 1022 3010 οὐδέτερον
1040 2915 1082 2989 είς
1103 2913 1172 2994 κι,”
1190 2911 1260 2982 ε’τεί
1280 2918 1396 2983 ταῦτα

289 3029 332 3104 είς
358 3059 418 3100 οτι
443 3031 555 3126 ἔχουσι
581 3029 641 3111 τήν
666 3028 800 3122 γενικήν,
827 3027 896 3100 οἷον
921 3029 1000 3115 ὅλω,
1025 3025 1145 3123 ἐξώλης
1169 3026 1316 3122 ε’ξώλους,
1335 3027 1395 3100 ὅτι

289 3141 415 3238 ίξῶλες,
441 3147 589 3227 πανώλης
613 3147 790 3229 πανώλους,
816 3145 870 3216 δτι
897 3151 1053 3230 πανῶλες,
1079 3146 1175 3228 ἀυτῶ,
1199 3141 1396 3242 προσάντης

289 3259 505 3359 προσάντους,
526 3261 579 3332 ὅτι
605 3262 799 3359 πρόσαντες,
823 3262 921 3360 άρκῶ,
943 3259 1102 3360 αὐτάρκης
1126 3258 1312 3357 αὐτάρκους,
1334 3262 1393 3334 ὅτι
1408 3289 1444 3348 25

289 3381 454 3478 αὔταρκες,
471 3377 567 3464 άδειν,
586 3378 744 3469 (σημαίνει
764 3376 797 3448 δὲ
818 3375 862 3449 τὸ
882 3379 1050 3475 άρίσκειυ,)
1070 3375 1207 3460 αὐθάδης
1223 3373 1394 3460 αὐθάδους,

289 3497 342 3569 ὅτι
367 3495 509 3576 αι’ίθαδες.
551 3493 701 3578 Αὐθάδης
727 3493 761 3566 δὲ
783 3494 919 3588 λέγεται
943 3497 962 3565 ὁ
988 3497 1204 3592 ὑπερήφανος,
1227 3491 1320 3590 παρά
1347 3495 1394 3566 τδ

290 3616 376 3705 αὐτῷ
394 3613 479 3684 άδεῖν
496 3619 570 3695 ήτοι
588 3613 745 3707 άρὲοκειν.

341 3727 396 3800 Τά
422 3732 464 3805 είς
488 3757 530 3799 nx
553 3725 691 3820 ὀξύτονα
715 3725 904 3816 δισύλλαβα
925 3727 1011 3810 πλήν
1031 3732 1096 3798 τῶν
1121 3731 1165 3804 είς
1186 3755 1262 3814 ται,
1284 3729 1312 3798 εί
1332 3727 1394 3809 μὲν

290 3847 421 3943 ἔχουσιν
435 3845 470 3915 ἓν
487 3845 670 3941 σύμφωνον,
686 3845 729 3919 είς
747 3873 805 3915 οτι
821 3845 934 3941 ἔχουσι
950 3844 1011 3926 τήν
1028 3845 1163 3936 γενικήν,
1181 3839 1250 3915 οίον
1267 3841 1394 3936 ψευδής
1404 3881 1444 3939 30

291 3958 440 4056 ψευδοῦς,
466 3961 577 4056 σαφής
602 3963 741 4055 σαφοῦς,
764 3961 883 4056 πρηνής
909 3965 1055 4056 πρηνοῦς,
1079 3959 1098 4028 ὁ
1124 3959 1179 4029 ε’πί
1205 3959 1393 4057 πρόσωπον

290 4079 438 4162 κείμενος.
466 4075 671 4172 Πράσκειται
690 4087 710 4118 “
720 4077 807 4160 πλήν
818 4081 884 4147 τῶν
901 4079 944 4153 είς
960 4077 1052 4158 τεκ,”
1066 4073 1117 4146 διὰ
1134 4073 1177 4147 τδ
1194 4076 1304 4174 κριτής
1320 4107 1394 4174 κρι-

290 4201 360 4266 τοῦ·
386 4199 489 4265 τοῦτο
507 4191 575 4290 γὰρ
593 4196 635 4270 είς
650 4194 710 4276 τήν
728 4222 767 4264 υτ
784 4191 977 4290 δίφθογγον
992 4193 1060 4289 ἔχει
1080 4191 1140 4275 τήν
1158 4195 1293 4286 γενικήν.
1341 4191 1396 4265 E?

292 4309 326 4382 δὲ
345 4311 458 4406 ἔχουσι
482 4306 537 4379 δύο
563 4309 731 4407 σιίμφωνα,
750 4307 802 4380 διὰ
825 4315 887 4379 τοῦ
911 4337 973 4380 τοι
996 4308 1172 4380 κλίνονται·
1199 4305 1268 4378 οἷον
1285 4307 1393 4406 άργής

292 4429 449 4526 άργήτος,
468 4425 627 4516 (σημαίνει
646 4424 680 4496 δὲ
701 4422 744 4498 τὸ
761 4423 898 4517 λευκὸν,)
916 4425 1014 4520 ίρπής
1037 4426 1188 4521 ἑρπῆτος,
1207 4421 1329 4512 (πάθος
1354 4427 1393 4498 τί
1401 4455 1417 4512 3
1422 4453 1437 4514 5
