2954 5024
398 305 465 364 ιιιυ
488 303 544 364 το
567 301 859 364 οΝοΜκτιιιον.
1119 315 1180 386 253

61 475 113 550 ὧς
146 471 219 544 ἆτῦ
247 479 308 544 τοῦ
340 471 432 569 ταρὰ
462 474 683 571 φιλοσόφοις·
719 473 819 549 εῦνοες
848 471 918 570 γὰρ
946 474 1067 566 γέγονε
1095 472 1181 545 κατὰ

61 591 207 686 κρᾶσιν.
242 591 305 660 Δεῖ
321 587 355 659 δὲ
370 588 480 682 λέγειν
497 591 530 658 οἱ
546 585 627 660 εῦνοι
644 587 728 686 πρὸς
743 585 787 659 τῦ
804 587 940 672 ἐντελὲς,
954 590 987 660 οἶ
1003 585 1083 659 εῦνοι
1101 587 1180 686 γάρ.

431 801 552 876 Κιυῶιι
572 805 706 876 ιιι-Ὀ
725 803 831 874 famis.

128 935 363 1025 Διαλαμβᾶνει
379 939 455 1036 περὶ
472 943 537 1009 τῶν
551 940 593 1014 εἷς
610 966 651 1007 οε
668 938 808 1008 ἐνταῦθα
824 937 842 1007 ὁ
861 937 1020 1032 τεχνικός.
1052 936 1181 1008 Ἰστέον

66 1053 110 1124 δὲ
132 1053 188 1124 ὅτι
206 1051 251 1124 τῦ
268 1057 311 1131 είς
328 1084 370 1126 αν
386 1059 538 1147 λήγοντα
554 1054 808 1141 μονοσύλλαβα,
825 1055 854 1124 εί
868 1052 926 1137 μὲν
943 1059 1206 1149 τεριστῶνται,5

67 1171 241 1263 ἆτοβολή
264 1175 325 1241 τοῦ
351 1200 369 1240 x
394 1177 525 1242 τοιοῦσι
554 1171 616 1252 τήν
641 1171 775 1262 γενικήν,
801 1167 871 1242 οἷον
896 1171 915 1240 ὁ
942 1171 1007 1248 σῶς
1032 1177 1094 1242 τοῦ
1122 1176 1180 1254 σῶ,
1264 1213 1274 1226 ·

71 1284 163 1372 οἷον,
187 1289 242 1379 [ll.
259 1285 295 1357 ν’.
312 1291 399 1380 773.]

244 1414 308 1468 αὐτὸ
321 1419 362 1468 τῦ
375 1415 452 1471 ἔπους
468 1417 526 1487 (νῦν
539 1437 581 1470 τοι
594 1419 649 1472 σῶς
661 1415 750 1487 atrise)
766 1413 885 1486 ὄλεθροι.

73 1523 97 1591 ὁ
134 1519 321 1616 Κρῶςιτοῦ
352 1519 444 1617 Κρῶ,
475 1521 494 1590 ὁ
525 1519 622 1596 Τλῶς
650 1526 713 1590 τοῦ
742 1518 835 1604 Τλῶ,
862 1520 881 1589 ὁ
914 1517 989 1595 Κῶς
1018 1525 1079 1590 τοῦ
1109 1517 1179 1588 Κῶ·

74 1636 206 1726 (ταῦτα
237 1633 271 1705 δὲ
300 1633 447 1718 ὀνόματά
481 1639 562 1706 εἶσιν
589 1639 704 1730 ήρῶων,
731 1631 893 1730 ἀρσενικὰ,
919 1635 1020 1731 κύρια,
1046 1635 1183 1732 ὁμοφω-
1197 1673 1230 1711 ιο

77 1758 199 1823 νοῦντα
219 1760 291 1827 ταῖς
307 1750 457 1821 πόλεσιν·
483 1751 547 1822 εἶσί
569 1747 638 1847 γὰρ
661 1751 712 1820 καὶ
739 1750 886 1832 ὀνόματα
913 1748 1041 1819 πόλεων
1063 1755 1181 1832 ταῦτα,

74 1864 175 1940 ἀλλὰ
191 1865 274 1938 τότε
296 1871 435 1948 θηλυκῶς
455 1867 624 1958 λέγονται,
642 1865 712 1937 οἷον
729 1869 747 1948 ἦ
766 1864 874 1962 Κρῶς,
893 1869 911 1948 ή
930 1865 1038 1948 Τλῶς,
1055 1870 1074 1948 ή
1092 1865 1179 1944 Κῶς·

76 1980 121 2076 ἐξ
144 1981 264 2052 ἐκείνων
287 1979 322 2052 δὲ
340 1977 578 2063 ὠνομάσθησαν
600 1980 652 2050 καί
678 1982 713 2049 οἱ
737 1979 876 2074 πόλεις’)
902 1982 931 2050 εἰ
955 1978 989 2051 δὲ
1014 1977 1180 2074 ὀξύνονται

76 2095 127 2167 τὰ
152 2098 194 2172 είς
215 2125 257 2166 αα
281 2096 534 2184 μονοσύλλαβα,
551 2093 871 2194 τεριττοσνλλιίβως
889 2097 1066 2182 κλίνονται,
1082 2099 1181 2194 χωρίς

76 2217 146 2284 τοῦ
161 2207 233 2311 ζῶς,
256 2210 364 2305 [11.ε’.
384 2217 472 2302 887.]
1195 2250 1204 2288 ι
1211 2249 1227 2307 5

244 2336 259 2407 ή
274 2360 302 2394 ιιι
316 2341 363 2407 ζῶε
376 2339 499 2410 ἆμινηνόι
512 2341 542 2394 ἔα
554 2342 664 2410 χαλκοῖο
676 2339 766 2396 τυσείι
780 2339 913 2410 (τυπῇσι).

77 2449 187 2515 τοῦτο
212 2439 280 2539 γὰρ
306 2443 465 2538 ιἰτοβολή
490 2449 552 2515 τοῦ
577 2473 595 2514 ιι
621 2453 710 2514 τοιεῖ
732 2443 792 2526 τήν
816 2443 979 2528 κλητικήν,
997 2440 1102 2514 οίονὸ
1121 2440 1182 2543 ζῶς

80 2563 146 2630 τοῦ
170 2555 226 2657 ζῶ.
264 2557 334 2629 Καὶ
351 2560 418 2655 ἔχει
437 2559 637 2652 ἀπολογίαν,
655 2559 708 2630 ὅτι
726 2556 795 2630 ἆπῦ
812 2559 1020 2658 συναιρέσεως
1037 2559 1180 2653 ἐγένετο·

81 2671 153 2745 ima
170 2671 238 2771 γὰρ
253 2682 316 2746 τοῦ
337 2678 356 2748 ὁ
381 2673 461 2774 ζωός
486 2681 548 2747 τοῦ
571 2673 655 2774 ζωοῦ
677 2674 810 2768 ἐγένετο
832 2671 918 2745 κατὰ
940 2678 1056 2772 κρᾶσιν
1077 2677 1097 2746 ὁ
1120 2671 1182 2774 ζῶς

82 2794 147 2861 τοῦ
175 2786 231 2889 ζῶ,
256 2799 314 2874 τῆς
344 2793 478 2889 βαρείας
507 2791 559 2862 καί
589 2789 694 2885 ὀξείας
722 2793 765 2866 εἰς
790 2786 897 2882 ὀξεῖαν
926 2794 1229 2886 συναιρεθεισῶνηο

82 2904 195 3000 ῶσπερ
212 2907 265 2983 ἐπὶ
282 2913 344 2980 τοῦ
360 2907 486 2985 ἕσταῶς
502 2905 615 2988 ἔστῶς,
632 2905 765 2994 βεβοιῦς
782 2905 900 2992 βεβῶς,
916 2903 1040 3002 Νηρηῒς
1056 2903 1094 2972 Ν
1095 2903 1180 3001 apest·

81 3020 273 3106 Ἐμιίθαμεν
290 3021 357 3120 γὰρ
375 3021 429 3095 ὅτι
453 3021 498 3094 τὰ
524 3023 721 3120 σννηρημένα
738 3021 797 3104 τήν
813 3027 879 3092 τῶν
895 3023 1032 3095 ἐντελῶν
1049 3019 1181 3120 φυλᾶτ·

82 3170 178 3211 τουσι
203 3139 320 3221 κλίσιν,
346 3135 416 3209 οἷον
438 3139 590 3240 Ἑρμείας·
603 3138 760 3235 Ἑρμίου,
784 3137 913 3236 Ἑρμῆς
935 3138 1075 3236 Ἑρμοῦ,
1101 3171 1182 3238 χρυ-

84 3253 159 3332 σέος
191 3252 343 3350 χρυσίον,
378 3261 518 3352 χρυσοῦς
551 3260 687 3352 χρυσοῦ,
720 3257 843 3337 τιμήεις
875 3259 1056 3338 τιμήεντος,
1086 3263 1181 3338 τιμῆς

85 3378 248 3454 vuar-roe,
271 3373 326 3464 [11.
344 3370 387 3442 ν’·
404 3373 496 3464 475·]
1192 3405 1226 3466 25

244 3499 345 3570 χρυσὸν
357 3501 466 3568 τιμῆντα
479 3499 520 3554 καὶ
533 3499 654 3571 ἄργυρον.

87 3607 235 3703 ύαφνήεις
257 3607 466 3706 δαφνήεντος,
483 3608 607 3706 ῦαφνῆς
630 3606 826 3706 ῦαφνήντος,
847 3609 866 3677 ὁ
890 3611 974 3683 σῶος
998 3613 1060 3677 τοῦ
1085 3609 1180 3692 σῶον,

87 3725 190 3800 ὁσῶς
210 3730 273 3796 τοῦ
297 3729 356 3796 σῶ·
390 3723 490 3802 οὕτως
514 3723 567 3796 οῦν
592 3725 644 3794 καὶ
670 3726 689 3794 ὁ
714 3721 794 3822 ζωῦς
812 3729 874 3796 τοῦ
896 3719 989 3822 ζωοῦ,
1007 3723 1026 3792 ὁ
1045 3719 1106 3820 ζῶς
1122 3729 1183 3793 τοῦ

89 3837 142 3939 ζῶ.
191 3839 309 3912 Ταῦτα
331 3839 365 3910 δὲ
389 3843 418 3912 εί
441 3841 493 3912 καὶ
518 3841 562 3924 μή
589 3840 648 3923 τήν
674 3842 772 3923 αῦτήν
797 3836 978 3932 κατάληξιν
1003 3836 1182 3936 ἐφύλαξαν,

88 3957 163 4026 ἁλλ’
179 3953 233 4026 οῦν
253 3957 313 4039 τήν
339 3958 438 4040 αῦτήν
463 3958 571 4028 κλίσιν
595 3955 774 4054 ἐφύλαξαν,
793 3957 879 4054 φημί
903 3954 940 4037 δή
963 3955 1023 4036 τήν
1048 3956 1231 4052 ι’σοσύλ·3ο

89 4074 203 4160 λαβον.
245 4071 379 4171 Ὦστερ
405 4071 473 4171 γὰρ
498 4070 544 4144 τὰ
576 4073 689 4153 ἐντελῆ
716 4074 819 4143 αὐτῶν
849 4067 1083 4158 ι’σοσυλλιίβως
1113 4071 1183 4142 κλί-

11 4199 45 4278 36
60 4219 205 4272 ανονται,
235 4187 320 4260 οὕτω
351 4189 402 4260 καί
436 4187 481 4262 τὰ
516 4187 713 4285 συνηρημίνα
743 4184 976 4274 ι’σοσυλλιίβως
1006 4188 1182 4258 κλίνονται.

91 4305 202 4380 Ταῦτα
219 4303 276 4388 μὲν
293 4308 325 4376 ἐν
342 4307 482 4384 τούτοις.

136 4420 265 4494 Ἰστίον
290 4420 324 4492 δὲ
355 4421 408 4494 ὅτι
438 4419 482 4494 τὰ
512 4424 556 4497 εἰς
581 4451 622 4492 αν
647 4419 786 4515 ὀξύτονα
816 4419 1058 4504 μονοσύλλαβα
1086 4417 1104 4500 ή
1131 4414 1182 4487 ῦιᾶ
