2958 5018
397 302 465 363 τις
486 301 542 362 τυ
564 301 858 365 οιςοιιιτικοιι.
1115 310 1177 383 307

29 469 96 542 καὶ
120 473 145 553 ἦ
167 465 248 564 αἲξ.
293 468 376 542 Ὀτι
394 469 462 567 γάρ
479 471 616 564 λέγεται
633 471 686 542 καί
706 472 725 544 ὁ
742 469 799 566 α’ίξ
812 471 993 570 ἀρσενικῶς,
1010 467 1171 556 ε’δῆλωσεν

29 588 51 656 ὁ
75 587 247 670 ποιητῆς
263 585 370 670 είπιάν,
393 591 447 676 [Il.
465 584 504 659 δ.
520 591 607 680 105.]

236 725 317 784 οῦκίκ’
329 725 414 786 (σῦλα
426 725 504 800 τόξον
517 725 607 800 ε’όξοον
619 727 711 800 ίξείλον
723 729 796 802 οίγδς

233 825 334 900 ἀγρίου,
349 824 379 880 όν
391 823 425 898 ῥά
437 824 496 881 ποτ’
511 825 588 883 αὐτὸς
601 826 652 881 ὑπὸ
666 828 786 900 στέρνοιο
799 825 916 898 τυχήσας

232 923 300 990 βάλε
312 924 407 998 πέτρης
420 925 579 992 ίκβαίνοντα.
1177 931 1194 993 5

37 1051 145 1124 Ἰδοὺ
165 1049 243 1151 γάρ
260 1051 325 1124 ὅλα
342 1050 426 1151 πρός
441 1051 610 1152 ἀρσενικόν
625 1050 807 1148 συνέταξεν,
824 1049 893 1124 οίον
908 1051 961 1122 καί
978 1050 1020 1124 τό
1038 1050 1167 1148 ἀγρίου,

38 1168 105 1240 καί
130 1169 180 1242 τὸ
204 1168 244 1240 ῶν
259 1167 478 1244 ὑποτακτικὸν
495 1167 630 1268 ἄρθρον,
646 1169 699 1242 καί
715 1167 758 1242 τδ
775 1169 978 1257 ἐκβαίνοντα.
1030 1167 1167 1251 Ἐπειδῆ

42 1283 110 1356 οῦν
137 1285 197 1356 καί
222 1282 266 1356 τό
289 1281 406 1379 γῦναιξ
420 1286 476 1358 οῦκ
492 1283 628 1368 ῆδιίνατο
646 1285 814 1382 ἀρσενικοῦ
829 1285 940 1378 γένους
956 1280 1044 1366 εῗναι,
1062 1288 1080 1366 ῆ
1098 1282 1168 1382 γὰρ

44 1401 219 1483 σημασία
242 1400 364 1486 κωλῦει,
380 1402 500 1474 τοῦτον
519 1398 617 1498 χάριν
633 1399 788 1488 ἀπέβαλε
802 1397 846 1472 τό
864 1427 885 1474 α
902 1397 988 1472 κατὰ
1010 1399 1071 1483 τῆν
1091 1407 1169 1486 κλη-

46 1516 166 1599 τικῆν,
193 1516 249 1588 καί
275 1517 396 1610 γέγονε
420 1517 524 1610 γῦναι,
547 1518 599 1590 ’ίνα
629 1515 673 1599 μῆ
698 1516 808 1612 εὑρεθῆ
832 1517 875 1594 είς
900 1542 958 1589 κισ
983 1522 1091 1609 λῆγον
1115 1516 1216 1588 mbo

52 1638 209 1716 θηλυκαῦ
233 1633 334 1717 μόνου
358 1633 469 1727 γένους
494 1633 540 1704 όν·
579 1630 632 1706 διδι
654 1632 777 1716 ταῦτην
804 1630 873 1730 γάρ
897 1633 957 1716 τῆν
984 1634 1092 1706 αἰτίαν
1114 1633 1168 1705 καὶ

52 1751 75 1820 ὁ
106 1746 233 1844 γῦναιξ
255 1750 358 1822 εῦθεῖα
387 1748 606 1822 ἐπιλέλοιπεν.
655 1747 721 1820 Ἐν
750 1746 785 1820 δὲ
812 1755 855 1842 τῆ
875 1747 1035 1833 συνθέσει,
1059 1746 1168 1832 έπειδῆ

56 1865 196 1956 γίνεται
227 1865 397 1962 ἀρσενικοῦ
427 1865 548 1958 γένους,
581 1862 774 1962 ἀναδέχεται
807 1864 866 1948 τῆν
899 1867 942 1942 είς
977 1891 1034 1940 m
1065 1861 1168 1938 κατό-

57 1977 173 2075 ληξιν,
195 1978 265 2054 οἷον

233 2097 266 2156 ῶς
280 2097 404 2154 ἀντίπαις
417 2119 446 2152 τε
459 2095 630 2170 καίάγῦναιξ,
645 2095 818 2156 καίάνέστιος
1180 2121 1214 2182 ¹5

62 2208 161 2306 παρὰ
192 2209 367 2308 Σοφοκλεῖ
394 2209 426 2279 ἐν
455 2204 655 2292 Ἀθάμαντι.
702 2206 789 2282 Ὅτι
820 2208 854 2284 δά
883 2209 1000 2307 γόναιξ
1025 2212 1167 2310 ὤφειλεν

64 2325 147 2398 εἶναι
171 2329 189 2408 ῆ
212 2326 315 2396 εῦθεῖα
341 2323 440 2406 δῆλον
461 2323 496 2394 ἐκ
520 2331 579 2406 τῆς
604 2332 727 2417 γενικῆς
751 2330 816 2398 τῶν
839 2327 953 2410 ἑνικῶν,
974 2328 1027 2400 καί
1053 2329 1087 2398 ἐκ
1108 2336 1167 2412 τῆς

67 2443 197 2525 δοτικῆς
207 2446 273 2513 τῶν
282 2444 513 2524 πληθυντικῶν.
544 2439 614 2510 Καὶ
632 2441 666 2510 ἐκ
680 2439 739 2524 μὲν
755 2449 814 2524 τῆς
830 2449 953 2535 γενικῆς
968 2448 1034 2516 τῶν
1050 2445 1166 2530 ἑνικῶν,

69 2560 126 2630 ὅτι
151 2557 296 2652 γυναικός
320 2556 405 2629 ἐστι’·
433 2559 528 2627 πῦσα
554 2554 622 2652 γὰρ
644 2557 752 2650 γενικῆ
769 2555 821 2628 διὰ
837 2563 899 2630 τοῦ
917 2587 981 2630 ιιον
997 2561 1166 2645 κλινομένη

70 2679 115 2754 εἷς
138 2702 157 2748 z
182 2676 248 2772 ἔχει
273 2674 332 2756 τῆν
354 2675 475 2745 εῦθεΐαν
499 2675 765 2765 καταλῆγονσαν,
787 2669 855 2743 οἷον
879 2676 1021 2770 θώρακος
1045 2672 1164 2773 θώραξ,
1177 2707 1214 2746 ιο

72 2792 205 2888 κόρακος
227 2786 341 2888 κόραξ,
364 2789 513 2866 Φοίνικας
534 2785 661 2882 Φοῖνιξ,
686 2785 835 2886 πέρδικος
860 2787 987 2886 πέρδιξ.
1038 2789 1089 2861 E?
1112 2789 1166 2862 οῦν

75 2905 216 3000 γυναικός
239 2907 331 2978 ἐστιν
353 2909 371 2988 ῆ
395 2905 503 3000 γενικῆ
526 2903 577 2976 διά
603 2909 665 2976 τοῦ
689 2931 764 2988 κως,
781 2902 934 2988 δηλονότι
955 2905 1007 2976 καὶ
1026 2909 1044 2989 η’
1061 2907 1165 2980 εῦθεΐα

77 3019 188 3118 γόναιξ
204 3022 296 3094 ἐστίν
316 3024 359 3099 είς
382 3049 414 3098 Β.
464 3020 529 3092 Ἐκ
552 3019 586 3092 δὲ
610 3027 668 3102 τῆς
691 3017 818 3104 δοτικῆς
842 3025 907 3094 τῶν
931 3025 1164 3108 πληθυντικῶν,

79 3141 131 3212 ότι
153 3141 242 3210 πάσα
268 3136 379 3220 δοτικῆ
402 3140 624 3222 πληθυντικῶν
648 3138 691 3214 είς
712 3166 724 3208 ι
748 3140 900 3231 λήγουσα
925 3133 1011 3221 μετὰ
1033 3136 1164 3222 διπλοῦ,

79 3255 227 3348 ἀποβολῇ
250 3260 312 3324 τοῦ
337 3283 348 3324 ι
371 3252 432 3336 τῆν
454 3253 575 3324 εῦθεῖαν
590 3256 656 3324 τῶν
672 3254 777 3324 ἑνικῶν
794 3263 892 3339 ποιεῖ,
909 3250 978 3326 οἷον
995 3252 1164 3350 Κύκλωψι
1175 3287 1211 3346 25

82 3367 236 3463 Κύκλωψ,
254 3366 400 3462 Πέλοψι
428 3365 573 3462 Πέλοψ,
597 3365 719 3466 θῶραξι
753 3366 873 3466 θῶραξ,
902 3366 1018 3468 κόραξι
1050 3368 1164 3468 κόραξ,

82 3485 199 3580 τέττιξι
215 3483 342 3579 τέττιξ.
389 3483 439 3556 Εί
454 3482 507 3556 οῦν
523 3481 668 3579 γυναιξίν
685 3488 703 3568 ῆ
721 3483 832 3568 δοτικῆ
848 3489 915 3556 τῶν
931 3489 1164 3576 πληθυντικῶν,

85 3602 222 3686 δηλονότι
246 3602 299 3674 καί
322 3598 439 3694 γιίναιξ
459 3601 551 3673 ἐστίν
573 3605 592 3684 ῆ
614 3601 717 3672 εῦθεῖα
741 3605 808 3674 τῶν
828 3601 943 3688 ἑνικῶν,
959 3602 1036 3674 ἀλλ’
1055 3601 1165 3676 ι’πιλέ·

85 3729 173 3790 λοιπε
187 3715 235 3789 διὰ
250 3719 311 3801 τῆν
327 3721 572 3815 προλεχθεΐσαν
588 3719 706 3791 αἰτίαν.

132 3833 209 3904 “Τῶ
234 3835 356 3932 θῶρακε
384 3842 457 3904 τοῖν
487 3829 695 3930 θωρόκοινιά
723 3835 855 3930 θῶρακς,
873 3836 907 3906 οἱ
935 3836 1075 3934 θώρακες
1096 3841 1164 3912 τῶν
1173 3870 1213 3930 30

90 3945 217 4048 θωράκων
232 3959 302 4026 τοῖς
319 3947 486 4045 θῶραξιν.”

134 4065 248 4137 Ἰστέον
265 4065 318 4137 ότι
335 4065 395 4148 τῆν
413 4063 543 4148 δοτικῆν
559 4071 624 4136 τῶν
641 4067 863 4147 πληθυντικῶν
879 4064 977 4164 διχῶς
994 4066 1162 4169 κανονίζει,

92 4182 136 4252 καί
153 4181 209 4253 ἀπὸ
225 4190 282 4265 τῆς
299 4181 425 4264 δοτικῆς
440 4187 506 4254 τῶν
527 4183 631 4252 ἑνικῶν
653 4177 721 4278 πρὸ
744 4185 806 4252 τοῦ
829 4212 839 4252 ι
864 4185 1097 4272 λαμβανούσης
1118 4213 1162 4257 το

95 4327 121 4383 ς,
144 4298 187 4369 καί
208 4300 415 4394 συναιροῦσης
438 4297 480 4371 τό
509 4328 551 4370 n
573 4301 616 4376 εἰς
642 4323 674 4381 ε,
697 4300 737 4374 ὡς
761 4298 814 4370 καὶ
840 4297 883 4371 τδ
907 4329 949 4370 ατ
971 4301 1014 4375 εἷς
1036 4328 1070 4384 ν,
1093 4295 1163 4372 οἷον

96 4417 191 4510 θῶρακι
214 4413 344 4510 θώραξι,
365 4413 500 4504 Πέλοπι
519 4411 676 4507 Πέλοψι,
693 4415 746 4488 καί
777 4413 845 4486 ἀπδ
870 4421 929 4498 τῆς
953 4415 1073 4492 εῦθείας
1096 4419 1208 4509 τῦνης

566 4549 587 4590 B
602 4549 618 4590 Γ
635 4545 652 4593 2
