2972 5014
435 300 503 360 ΕΙΣ
524 299 581 359 ΤΟ
603 299 898 358 ONOMATIKON.
1150 311 1214 380 339

150 466 302 564 Εἴρηται
319 467 372 538 ὅτι
390 469 486 538 πᾶσα
503 467 606 538 εὖθεῖα
624 469 856 550 πληθυντικῶν,
873 469 915 543 είς
931 467 991 548 τῆν
1009 495 1041 536 οι
1060 463 1206 563 δίφθογ-

87 615 166 676 γον
183 588 349 677 λήγουσα,
366 587 409 661 είς
426 613 487 655 οτι
504 594 593 654 ποιεῖ
613 583 672 666 τήν
689 584 871 664 αἰτιατικὴν
887 587 952 653 τῶν
969 561 1204 670 τλήθυντικῶν,

87 695 174 768 οἷον
191 700 288 769 καλοί
313 697 599 797 κολοός,“ομηροι
616 699 791 795 Ὁμήρους·
817 697 919 775 οὕτως
944 694 998 769 οὖν
1024 697 1076 768 καί
1108 697 1205 768 Σαπ·

88 812 166 908 φοί
188 813 362 914 Σαπφοιίς.

154 928 234 998 “Ὦ
256 929 428 1028 Σαπφοί.”
474 928 630 1027 Ε’ίρηται.
1211 951 1228 1008 5

550 1140 688 1239 [Κκυόυ
708 1141 763 1234 Δ’.]

154 1276 386 1367 Διαλομβόνει
402 1281 421 1350 ό
437 1276 584 1376 τεχνικός
609 1278 685 1375 περὶ
701 1282 766 1348 τῶν
783 1279 826 1353 εἷς
850 1306 871 1348 υ
887 1277 1068 1370 ληγόντων·
1094 1277 1202 1362 ε’πειθῆ

89 1395 135 1466 δὲ
162 1397 348 1491 ἐλέχθησαν
372 1396 405 1465 ἐν
429 1405 501 1472 τοῖς
527 1395 718 1492 ἆροενικοῖς,
742 1393 864 1464 τούτου
890 1389 988 1489 χάριν
1015 1391 1204 1491 παρίόραμε

91 1509 165 1588 τὰς
195 1508 302 1586 ἄλλος
330 1508 532 1604 καταλήξεις·
559 1511 678 1606 ἔχομεν
704 1506 738 1579 δὲ
767 1509 945 1595 ἀναλαβεῖν
970 1509 1046 1587 τοὺς
1072 1509 1205 1588 κανόνας

92 1627 214 1729 οὕτως·
249 1628 292 1703 εἷς
317 1656 361 1698 κα
388 1624 523 1709 θηλυκὸν
549 1627 604 1696 οὐκ
632 1625 761 1721 ἔχομεν,
787 1622 842 1695 ε’ἆν
867 1623 902 1695 δὲ
927 1625 979 1696 καί
1009 1628 1203 1710 όταθιίμεθο
1218 1655 1252 1695 ιο

96 1741 196 1824 εἶναι,
212 1743 393 1839 προσθέσει
418 1748 480 1813 τοῦ
505 1773 545 1814 ου
568 1747 699 1812 ποιοῦσι
725 1741 784 1823 τῆν
802 1741 937 1834 γενικήν,
953 1739 1066 1840 ὥσπερ
1083 1744 1135 1813 καί
1157 1741 1203 1815 τὰ

96 1855 268 1954 ιἰρσενικό·
292 1855 334 1928 τό
352 1856 439 1929 εόνᾶν
456 1859 589 1940 εόνᾶνος,
606 1857 625 1928 ὃ
642 1859 880 1954 παρατίθενται
897 1857 981 1934 τινὲς
997 1860 1037 1934 ὡς
1054 1854 1203 1944 θηλυκόν,

100 1969 293 2072 νομίζοντες
313 1973 372 2055 τῆν
389 1983 522 2066 γυναῖκα
539 1975 713 2058 σημαίνειν,
731 1973 864 2045 δείκνυσι
890 1971 1074 2072 Λονπόριος
1098 1972 1205 2064 (Λαό-

100 2093 238 2185 περκος)
256 2090 288 2159 ἕν
304 2095 352 2180 τῷ
372 2088 458 2187 Περί
477 2093 575 2182 γενῶν
592 2089 646 2160 ὅτι
664 2090 833 2187 ἀρσενικοῦ
856 2089 966 2181 γένους
987 2091 1089 2162 ἐστίν.
1141 2089 1204 2167 Είς

103 2237 150 2290 nn
176 2208 231 2276 οὐκ
255 2207 348 2276 ἔστιν
373 2206 448 2276 αι’ίτε
473 2201 640 2301 ἀρσενικόν
665 2206 741 2275 οὔτε
771 2205 918 2288 θηλυκόν·
949 2203 992 2276 τό
1022 2203 1122 2302 όρσεν
1150 2206 1202 2276 καί
1217 2235 1227 2274 ι
1233 2235 1249 2293 5

101 2324 198 2420 τέρεν
216 2321 368 2418 οόόὲτερα
386 2324 478 2392 εἰσιν.
524 2318 625 2391 Μετὰ
642 2319 685 2392 τό
704 2351 723 2391 α
741 2326 865 2417 φωνῆεν
882 2321 955 2392 ἐστὶ
975 2319 1018 2424 τό
1036 2343 1069 2392 n·
1095 2327 1203 2392 ταῦτα

102 2438 139 2510 δὲ
160 2439 205 2510 τὰ
231 2441 272 2514 είς
295 2421 349 2507 ανΙ
366 2441 517 2529 λήγοντα
542 2437 768 2521 ε’κανονίσαμεν
793 2438 825 2507 ἐν
846 2446 918 2514 τοῖς
943 2437 1131 2533 ἆρσενικοΐς,
1148 2437 1204 2508 λέ-

104 2585 232 2646 γοντες,
250 2553 303 2624 ότι
324 2553 398 2624 ἔστι
418 2552 675 2640 μονοσύλλαβον
691 2550 734 2624 τὸ
753 2553 842 2649 φρῆν
860 2550 1008 2638 θηλυκὸν,
1025 2552 1077 2623 καί
1094 2552 1202 2636 ἐπειδή

102 2671 204 2752 μόνον
232 2667 306 2739 ε’στί
340 2671 443 2738 τοῦτο
473 2667 527 2737 ε’πί
556 2677 628 2745 τοῖς
656 2670 698 2744 είς
727 2698 773 2739 αα
803 2665 1072 2756 μονοσυλλόβοις
1103 2669 1204 2751 μόνον

104 2790 243 2867 θηλυκοῦ
268 2784 388 2877 γε’νους,
412 2785 534 2854 τούτου
558 2781 658 2881 χάριν
682 2785 795 2881 τρέπει
821 2781 864 2855 τό
889 2814 911 2855 ιι
936 2786 978 2861 είς
999 2782 1043 2854 τό
1067 2814 1087 2855 ιι
1110 2785 1143 2855 ἐν
1159 2791 1251 2879 τῆαο

105 2907 224 2994 γενικῆ,
246 2900 298 2970 καί
325 2900 451 2993 γίνεται
477 2901 607 2997 φρενός.
652 2899 762 2972 Ἐστι
786 2899 821 2972 δὲ
845 2901 897 2971 καί
923 2899 1012 2972 ἄλλο
1036 2899 1080 2972 τό
1105 2903 1202 2994 γλῆν,

105 3017 189 3112 ὅπερ
205 3013 289 3086 κατὰ
307 3016 479 3099 ἆποκοπῆν
495 3016 626 3108 ἐγένετο
644 3015 712 3088 ἀπὸ
732 3024 794 3088 τοῦ
811 3023 926 3111 γλήνη,
944 3018 1044 3115 οὗπερ
1062 3021 1080 3100 ή
1096 3019 1203 3096 κλίσις

106 3133 170 3228 οόχ
190 3132 379 3229 εὑρίσκεται·
407 3136 511 3226 γλήνη
529 3130 563 3202 δὲ
585 3136 603 3213 ή
624 3131 715 3228 κόρη,
733 3131 803 3205 οἷον
825 3137 865 3212 ὡς
887 3132 978 3231 παρὰ
1004 3141 1052 3226 τῷ
1070 3139 1201 3230 παιητῆ,

112 3247 330 3339 [11.ff.164.]

305 3377 364 3446 ἔννε
378 3377 439 3444 κακὴ
452 3374 545 3448 γλήνη·
1213 3399 1247 3456 ²5

107 3480 308 3566 Δισιίλλαβο
338 3477 372 3550 δὲ
400 3480 519 3576 ἔχομεν
542 3487 660 3552 ταῦτα·
692 3486 710 3564 ή
738 3478 896 3580 Τροίζην,
922 3480 1010 3570 (ἔστι
1034 3479 1068 3551 δὲ
1098 3481 1201 3563 ὄνομα

108 3594 254 3688 πόλεως)
271 3593 324 3666 καί
342 3597 360 3676 ή
377 3594 504 3692 Σειρήν,
520 3593 607 3692 όπερ
629 3597 809 3692 προσθέσει
834 3601 895 3666 τοῦ
921 3626 961 3666 οι
984 3600 1116 3665 ποιοῦσι
1141 3594 1201 3680 τῆν

109 3711 238 3804 γενικήν,
267 3711 319 3781 καί
350 3707 562 3807 φιλόπονοι
591 3709 634 3781 τό
661 3741 696 3797 n,
723 3709 792 3784 οἷον
818 3708 1010 3808 Τροίζηνος,
1037 3709 1200 3809 Σειρῆνος.

111 3823 206 3899 Mer&
222 3824 265 3899 τό
283 3857 306 3898 ιι
324 3831 447 3924 φωνῆεν
463 3828 538 3899 ἔστι
559 3825 601 3898 τὸ
621 3851 644 3898 ι·
671 3829 746 3926 περί
773 3827 807 3899 δὲ
830 3836 889 3910 τῆς
913 3829 1047 3906 κλίσεως
1069 3832 1134 3900 τῶν
1159 3830 1202 3905 είς

111 3975 155 4028 ιν,
178 3945 229 4016 καί
259 3945 312 4016 ὅτι
339 3940 561 4028 δικατόληκπα
591 3944 683 4028 είσίν,
710 3943 775 4016 είτε
803 3941 956 4040 ἆρσενικᾶ
981 3943 1053 4046 εἴτε
1080 3948 1248 4036 θηλυκὰηο

111 4061 194 4142 εἰσίν,
210 4061 261 4130 καί
284 4060 339 4131 ὅτι
365 4061 601 4157 ἆνολογότερα
627 4059 690 4130 εἶσί
715 4057 760 4131 τὰ
782 4061 824 4135 είς
842 4088 878 4130 m
895 4056 987 4156 παρὰ
1004 4070 1075 4137 τοῖς
1092 4062 1202 4132 νεωτέ-

110 4207 173 4274 ροις
194 4176 400 4274 εὑρισκόμενα
423 4181 489 4247 τῶν
510 4179 553 4253 εἰς
571 4205 613 4258 ιι,
632 4172 678 4252 οἷς
700 4206 771 4246 τισι
797 4175 972 4272 κέχρηνται
998 4178 1031 4245 οί
1055 4177 1200 4272 ἀρχαῖοι,

113 4295 337 4390 προειρήκαμεν
353 4291 385 4361 ἕν
401 4301 472 4368 τοῖς
490 4293 678 4388 ἆρσενικοῐς.
724 4289 826 4362 Μετὰ
844 4289 878 4362 δὲ
893 4288 938 4362 τό
955 4321 967 4360 1
986 4295 1109 4386 φωνῆεν
1125 4294 1199 4364 ἔστί

112 4407 150 4480 τὸ
167 4441 196 4495 ο,
209 4407 260 4478 καί
278 4409 388 4479 ἰστέον
404 4407 458 4478 ὅτι
476 4410 518 4484 είς
535 4407 571 4479 ὃν
585 4406 636 4478 διὰ
654 4414 714 4479 τοῦ
732 4439 751 4478 ο
769 4409 832 4505 οὐχ
848 4407 1050 4505 εὑρίσκονται
1069 4405 1200 4492 θηλυκὰ,

613 4541 637 4584 Χ
652 4544 673 4584 X
691 4541 709 4588 2
