2982 5022
304 343 347 404 14
596 325 798 388 νεοννιον
819 322 1113 384 κοινοαοειιον

302 501 369 569 τῶν
392 496 566 593 άρσενικῶν
590 492 769 578 ὀνομάτων,
794 495 835 568 ιἰο
860 491 914 562 ῖπῖ
944 497 1006 562 τοῦ
1035 488 1203 582 Κύκλωψ,
1229 488 1321 559 ἀλλὰ
1352 491 1405 559 καῖ

301 609 542 710 ἐπιρρημάτων,
559 613 600 686 ὡς
615 611 669 679 ε’τῖ
686 615 749 680 τοῦ
767 605 863 699 μάψ.
905 607 955 678 Εῖ
974 605 1030 678 οδν
1045 605 1088 678 τδ
1107 637 1128 677 Δ
1147 606 1279 678 θέλουσι
1298 605 1406 676 δοῦναι

302 725 434 799 τελικδν
449 733 515 799 τῶν
531 727 704 823 άρσενικῶν
720 722 901 808 ὀνομάτων,
918 725 1189 820 παρασχέτωσον
1210 721 1292 793 αι’νκδ
1314 729 1408 792 τελι-

303 841 360 915 κδν
381 841 433 913 καί
455 841 563 913 ἄλλον
585 843 701 938 μέρους
723 842 844 932 λόγου·
871 841 927 910 αδκ
948 841 1024 910 ἔστι
1046 837 1080 908 δὲ
1101 836 1232 908 τελικὸν
1250 839 1326 908 οὔτε
1348 840 1408 933 ῥῆ-

302 989 419 1044 ματος,
445 959 522 1029 οὔτε
549 965 706 1053 μετοχῆς,
732 957 809 1026 οιῖτε
832 953 968 1052 άρθρου,
994 957 1071 1026 οὔτε
1097 955 1303 1036 άντωνυμίος,
1329 955 1431 1030 οὗτεε

302 1072 498 1170 προθέσεως,
516 1075 592 1145 οῖσι
607 1074 841 1170 ε’πιρρῆματος,
859 1071 935 1142 οὔτε
957 1068 1151 1152 συνδέσμων,
1169 1067 1234 1166 άρα
1256 1066 1309 1139 οὖν
1329 1071 1408 1138 οὔτε

303 1181 472 1268 ὀνομάτων
489 1184 620 1257 δάναται
637 1183 715 1256 εἶναι
732 1186 874 1256 τελικόν.
903 1184 1022 1256 Ταῦτα
1038 1183 1097 1267 μὲν
1113 1185 1147 1253 ἐν
1162 1184 1304 1260 τούτοις.

346 1299 577 1388 Διαλαμβάνει
590 1299 625 1373 δὲ
636 1307 771 1399 πρῶτον
783 1303 802 1372 ό
815 1298 963 1398 τεχνικός
975 1301 1052 1397 περὶ
1064 1306 1131 1370 τῶν
1143 1302 1186 1376 είς
1201 1329 1219 1369 2
1231 1297 1407 1391 ληγόντων

304 1415 373 1516 πρδ
389 1423 451 1489 τοῦ
467 1417 637 1506 διαλαβεῖν
653 1418 728 1514 περῖ
744 1423 811 1488 τῶν
824 1421 868 1495 εῖς
882 1447 915 1500 ν,
928 1447 959 1500 ν,
970 1444 1003 1498 ιι,
1014 1446 1046 1488 ν.
1074 1413 1233 1509 Ἀνάξιόν
1245 1416 1319 1486 ε’στι
1338 1415 1405 1512 (ἆρ’

305 1529 398 1626 άξιόν
411 1533 485 1604 έστι
495 1533 525 1626 ί)
543 1530 685 1632 ζητῆσαι
703 1529 755 1604 διδ
772 1533 871 1604 ποίαν
887 1534 997 1604 αι’τίαν
1013 1532 1089 1629 περί
1105 1536 1172 1602 τῶν
1188 1533 1231 1608 είς
1248 1560 1268 1600 x
1283 1531 1409 1623 ληγόν-
1420 1554 1454 1592 10

305 1677 370 1720 των
386 1653 520 1744 πρῶτον
537 1646 765 1735 διαλαμβάνει,
782 1646 850 1746 πρὸ
867 1655 930 1720 τοῦ
946 1646 1116 1735 διαλαβεῖν
1132 1646 1209 1743 περὶ
1229 1651 1296 1717 τῶν
1312 1648 1357 1722 εἷς
1374 1676 1408 1726 ιι,

306 1789 340 1848 Β,
349 1792 380 1846 ν,
392 1791 421 1834 ν.
448 1763 517 1834 Καὶ
534 1764 626 1834 ἔστιν
639 1766 748 1844 εἰπεῖν,
762 1763 816 1834 ὅτι
830 1761 883 1834 διά
899 1769 1004 1834 τοῦτο
1017 1763 1093 1858 περί
1111 1765 1177 1832 τῶν
1189 1763 1232 1837 είς
1250 1791 1268 1830 x
1284 1761 1409 1852 ληγόν-

305 1907 371 1949 των
387 1883 520 1973 πριῖιτον
537 1875 766 1964 διαλαμβάνει,
783 1876 891 1960 ἐπειδὴ
907 1875 953 1948 τὰ
974 1881 1017 1954 είς
1041 1907 1057 1946 2
1080 1881 1231 1968 λήγοντα
1255 1878 1409 1951 πλατέως

306 1991 470 2046 διδάσκονται

306 2062 519 2160 εὑρίσκονται·
545 2073 607 2132 ποῖ
627 2061 702 2158 (πῆ)
725 2061 870 2160 μὲνγὰρ
892 2057 1212 2157 περιττοσνλλάβως
1228 2059 1409 2142 κλίνονται,

308 2175 388 2260 οῖον,
422 2175 508 2254 Αίας
577 2176 698 2262 ἰὀντος,
731 2185 778 2260 πῆ
812 2175 846 2247 δὲ
880 2172 1123 2262 ῖσοσυλλάβως,
1155 2173 1235 2256 οῖον,
1268 2174 1409 2270 κοχλίας
1422 2202 1432 2240 ι
1438 2199 1453 2257 5

307 2292 454 2386 κοχλίου·
481 2290 526 2362 τά
568 2291 583 2363 ὲ
608 2290 710 2376 ἄλλα,
734 2290 820 2389 φημί
843 2288 881 2372 δὴ
903 2287 947 2360 τά
971 2293 1014 2366 είς
1037 2317 1069 2372 ιι,
1088 2319 1121 2373 ν,
1139 2318 1169 2373 ν,
1187 2318 1219 2370 ν,
1239 2288 1409 2371 συντόμως

309 2402 527 2477 διδάσκονται·
558 2407 634 2488 μίαν
659 2404 728 2502 γάρ
753 2407 820 2502 ἔχει
850 2405 958 2476 κλίσιν
987 2405 1048 2488 τὴν
1076 2404 1410 2500 περιττοσιίλλαβον,

309 2517 388 2602 οῖον,
408 2517 557 2590 Πλάτων
579 2517 772 2604 Πλάτωνος,
790 2519 908 2615 Φοῖνιξ
927 2521 1086 2603 Φοίνικος,
1109 2520 1255 2617 Νέστωρ
1273 2519 1411 2591 Νέστο·

307 2663 375 2730 ρος,
394 2633 550 2728 Κύκλωψ
568 2635 760 2712 Κύκλωπος·
787 2635 831 2708 τὰ
850 2634 884 2706 δέ
900 2637 1051 2712 πλατέως
1069 2633 1283 2718 διδασκόμενα
1300 2637 1412 2732 σαφέ-

309 2779 413 2847 στερα
439 2751 513 2821 ἐστὶ
539 2756 603 2821 τῶν
629 2752 795 2834 συντόμως
820 2749 1065 2834 διδασκομένων,
1088 2752 1128 2826 ὡς
1152 2750 1205 2819 καῖ
1230 2749 1412 2848 Εὐριπίδης
1423 2779 1458 2817 20

310 2863 467 2946 ε’δνίλωσεν
485 2865 591 2948 εἶπάν,
609 2867 639 2935 εί
663 2868 786 2959 [Orest.
800 2866 878 2956 640]

715 3015 748 3069 τδ
760 3016 844 3086 μακρὰ
857 3019 909 3068 τῶν
922 3019 1037 3086 σμικρῶν
1050 3014 1137 3087 λόγων

512 3110 670 3182 ἐπίπροσθέν
683 3110 742 3164 ε’στι
755 3111 797 3164 καὶ
810 3112 884 3181 σαφῆ
899 3113 1002 3180 μᾶλλον
1015 3108 1113 3166 κλάειν.

311 3251 413 3325 Κατὰ
432 3250 577 3348 δεύτερον
595 3251 629 3322 δὲ
645 3253 752 3346 λόγον
769 3253 821 3325 διὰ
838 3261 942 3326 τοῦτο
959 3255 1034 3350 περῖ
1055 3259 1120 3325 τῶν
1138 3258 1180 3332 εἰς
1199 3284 1217 3324 x
1237 3254 1411 3345 ληγόντων

225 3381 268 3468 36
282 3373 443 3466 ηπρῶτον
467 3363 682 3454 διαλαμβάνει
706 3370 724 3436 ὁ
750 3368 908 3464 τεχνικός,
928 3371 1035 3452 έπειῆ
1064 3373 1094 3439 εί
1116 3369 1252 3455 διέλαβε
1275 3375 1412 3464 πρῶτον
1423 3401 1456 3458 25

311 3486 386 3581 περί
403 3489 467 3556 τῶν
485 3487 527 3560 είς
545 3513 577 3564 ιι,
592 3509 625 3568 Ξ,
639 3513 667 3566 ν,
682 3514 714 3568 ν,
731 3483 934 3584 ἠναγκάζετο
953 3492 1086 3582 πρῶτον
1102 3485 1121 3566 ῖς
1138 3485 1213 3580 περὶ
1229 3489 1295 3554 τῶν
1308 3485 1353 3559 είς
1368 3513 1411 3553 κα

311 3600 492 3686 διαλαβεῖν,
516 3600 534 3681 ί]
556 3601 631 3696 περί
653 3605 718 3672 τῶν
735 3604 777 3677 είς
796 3629 849 3682 ΑΕ,
867 3601 885 3682 ῖη
904 3601 978 3696 περί
1001 3605 1066 3670 τῶν
1083 3603 1125 3676 είς
1144 3629 1194 3681 ιν,
1212 3599 1230 3681 ῖη
1248 3599 1323 3694 περὶ
1347 3605 1414 3669 τῶν

311 3717 354 3790 είς
371 3743 425 3797 κν,
442 3712 549 3794 ἐπειδῆ
566 3713 608 3784 τό
627 3745 646 3784 ι
666 3717 850 3812 πρατερειίει
869 3713 1000 3785 πάντων
1015 3719 1080 3784 τῶν
1098 3714 1282 3809 στοιχείων.
1309 3711 1415 3783 Οὐδέ-

311 3825 448 3900 ποτεδὲ
468 3824 513 3899 τὰ
534 3830 576 3903 είς
597 3858 640 3898 ιιι
663 3829 681 3911 ί]
703 3828 747 3900 τὰ
770 3833 812 3906 εῖς
830 3833 979 3914 ια,οι’ίτε
999 3828 1044 3901 τὰ
1068 3833 1111 3906 εῖς
1129 3859 1181 3913 ιν,
1199 3830 1277 3898 οὔτε
1296 3826 1344 3898 τὰ
1370 3832 1415 3903 εἰς

313 3975 366 4026 κν,
392 3945 455 4014 εῖσῖ
484 3941 721 4032 πεντάπτωτα,
748 3943 838 4016 ἀλλὰ
866 3943 1102 4041 τετράπτωτα·
1133 3947 1194 4026 τὴν
1219 3943 1288 4042 γὰρ
1313 3947 1461 4032 abt-hmo

315 4060 332 4088 ιι
415 4061 422 4084 ι
472 4059 480 4084 ι
570 4059 578 4082 ι
726 4061 733 4084 ι
813 4060 828 4078 ¹·
883 4062 891 4088 ν
1003 4058 1013 4084 ν
1108 4063 1116 4087 ι
1232 4057 1241 4080 ἱ
1364 4063 1372 4086 ν

313 4091 380 4155 εχει
404 4063 502 4154 ορθην
527 4091 579 4128 και
605 4068 768 4146 κλητικην,
793 4074 862 4130 οῖον
892 4059 1035 4144 Αλκμαν
1060 4064 1087 4130 ιδ
1120 4060 1275 4144 Αλκμαν,
1300 4060 1419 4154 Φαιαξ

313 4173 477 4266 άΦαίαξ,
492 4171 601 4272 μάκαρ
619 4177 644 4246 ιδ
662 4173 783 4272 μάκαρ,
798 4173 931 4272 Ἀραψ
954 4173 1140 4272 οῖἈραψ.
1175 4171 1230 4243 Τά
1251 4171 1286 4244 δὲ
1309 4177 1355 4252 εῖς
1375 4206 1416 4246 ιε

314 4293 465 4382 λήγοντα
489 4292 525 4362 οὗ
547 4292 646 4376 μόνον
663 4289 887 4389 τετριίπτωτά
914 4296 1006 4378 εῖσιν,
1024 4295 1063 4368 ὡς
1084 4293 1137 4360 ε’πῖ
1160 4297 1221 4360 τοῦ
1240 4289 1371 4386 Ἀρκάς
1392 4291 1418 4362 ιδ
