2954 5024
245 277 310 344 204
533 265 735 327 ΓΕΩΡΠΟῬ
757 265 1052 329 ΧΟΙΡΟΒΟΣΚΟΥ
1358 263 1443 327 nu

243 439 368 522 τιμήεις
383 437 519 533 ἑρσήεις,
537 435 556 518 ῆ
572 441 622 528 τῷ
639 467 669 520 ο,
686 437 727 512 ὡς
743 436 798 507 ἀτί
814 442 877 507 τοῦ
893 435 1037 520 ἀνεμόεις
1053 435 1213 536 δρασείεις,
1225 437 1246 521 ’ἦ
1259 443 1311 530 τῷ
1320 465 1351 522 Α,

244 555 284 630 ὧς
300 553 354 623 ἐπὶ
370 557 433 623 τοῦ
449 547 577 633 σκιάεις,
594 550 614 634 ή
629 554 680 643 τῷ
693 581 726 636 ο,
738 553 779 629 ὡς
795 552 851 622 ἀτί
866 557 929 624 τοῦ
944 555 1074 636 κητῶεις
1090 551 1206 650 ἕρῶεις,
1219 553 1296 625 ὅθεν
1308 550 1352 624 τά

245 665 412 764 χαριτάεις
441 667 695 764 ἀναλογάτερον
723 667 798 738 ε’στί
825 671 889 738 τοῦ
921 667 1045 765 χαρίεις
1071 667 1354 764 ταραληγομένον

244 790 331 874 τῷο
356 783 410 878 (ι).
462 781 531 852 Καὶ
550 779 588 875 ἐξ
610 780 718 852 ἀλλον
734 781 769 853 δὲ
786 784 917 860 κανόνος
934 781 1089 854 δείκνυται
1112 779 1155 853 τὸ
1181 781 1354 880 χαριτόεις

245 899 498 995 ἀναλογῶτερον
514 903 575 968 τοῦ
599 897 733 995 χαρίεις·
759 894 803 968 τά
830 895 899 994 γὰρ
916 899 959 974 εἰς
983 927 1037 968 τις
1053 900 1206 990 λήγοντα
1225 896 1382 992 {Xon-(15

247 1013 368 1098 θηλυκὰ
386 1015 547 1108 ἀποβολῇ
561 1021 620 1096 τῆς
638 1043 671 1084 αι
691 1011 886 1109 διφθάγγου
906 1015 946 1088 ὡς
970 1013 1024 1082 ε’πί
1050 1009 1092 1083 τὸ
1109 1019 1273 1082 πλεῖστον
1287 1013 1353 1096 τήν

247 1131 374 1224 γενικήν
398 1136 461 1202 τοῦ
490 1133 627 1212 θηλυκοῶ
654 1127 825 1210 ἀποτελεῖ,
857 1128 894 1198 οὖ
925 1129 988 1212 μήν
1016 1128 1079 1211 τήν
1106 1129 1239 1213 εὖθεῖαν,
1269 1125 1352 1210 οἷον,

246 1245 399 1344 δαφνήεις
415 1243 549 1344 δάφνης,
567 1248 585 1326 ή
603 1241 710 1340 δάφνη
737 1241 805 1340 γάρ
830 1251 889 1326 τῆς
914 1240 1048 1341 δάφνης,
1064 1246 1189 1326 τιμήεις
1204 1250 1315 1328 τιμῆς,
1334 1246 1353 1326 ή

245 1361 325 1446 τιμή
350 1369 408 1443 τῆς
432 1367 539 1443 τιμῆς,
558 1361 746 1456 φθογγήεις
772 1364 943 1456 φθογγῆς,
962 1363 980 1442 ή
997 1361 1142 1458 φθογγή
1158 1368 1218 1443 τῆς
1234 1364 1355 1457 φθογ-

245 1484 316 1569 γῆς,
345 1473 465 1558 οὖδήεις
491 1471 594 1557 αὐδῆς,
625 1476 643 1556 »5
674 1471 750 1557 αὗδή
779 1481 838 1556 τῆς
867 1472 972 1561 αάδῆς,
998 1479 1150 1572 λαχνήεις
1171 1472 1307 1572 λάχνης,
1333 1479 1419 1558 »510

245 1589 354 1690 λάχνη
386 1599 445 1676 τῆς
478 1587 613 1688 λάχνης,
643 1593 779 1687 φοινήεις
808 1594 927 1687 φωνῆς,
960 1593 978 1672 »5
1013 1589 1103 1686 φωνή
1136 1597 1196 1673 τῆς
1230 1595 1354 1688 φωνῆς,

245 1705 366 1787 σκιάεις
395 1711 497 1792 σκιάς,
525 1711 543 1790 ή
573 1703 649 1778 σκιά
674 1703 743 1804 γάρ
765 1713 824 1788 τῆς
845 1708 947 1783 σκιάς·
973 1703 1017 1777 τά
1043 1704 1111 1802 γάρ
1136 1706 1256 1785 σκιόεις
1280 1705 1354 1781 &ra

244 1831 307 1896 τοῦ
328 1821 449 1900 σκιάεις
473 1823 605 1915 ἐγένετο
632 1819 717 1892 κοτά
740 1821 871 1918 τροπήν
885 1828 948 1894 τοῦ
970 1851 989 1894 ε
1013 1824 1056 1899 είς
1077 1819 1121 1894 τδ
1145 1853 1176 1894 ο.
1229 1821 1356 1921 Πρόα-

244 1969 348 2012 ιςειται
366 1949 387 1981 “
400 1941 440 2016 ὡς
456 1939 511 2009 ἐπὶ
527 1935 570 2010 τδ
587 1939 780 2026 τλεῖστον,”
798 1937 850 2008 διά
867 1935 911 2010 τδ
929 1937 1078 2036 δρασείεις
1095 1936 1228 2036 δρόσος,
1243 1945 1353 2012 τοῦτο

244 2052 314 2151 γὰρ
330 2055 390 2138 τήν
411 2056 532 2127 εὖθεΐαν
556 2058 618 2124 τοῦ
643 2056 782 2136 θηλυκοῦ
804 2053 965 2136 ἐποίησεν,
983 2053 1020 2122 οὖ
1043 2052 1106 2136 μήν
1129 2052 1190 2136 τήν
1212 2060 1353 2147 γενικήν.
1367 2095 1411 2156 ¹5

245 2167 300 2241 Τδ
323 2169 476 2253 ἀνεμάεις,
493 2170 553 2252 τήν
576 2166 691 2253 ἀνεμος
716 2170 837 2240 εὐθεῖαν
859 2174 973 2239 ποιοῦν
994 2168 1048 2238 καί
1073 2168 1111 2238 οὗ
1134 2168 1195 2251 τήν
1212 2170 1354 2262 γενικήν,

243 2286 301 2359 οὖκ
317 2286 493 2357 ἀντίκειται
511 2288 595 2368 ήμῖν,
612 2282 721 2368 ἐπειδή
739 2285 776 2356 οὖ
800 2294 890 2356 ποιεῖ
905 2281 1053 2368 θηλυκὸν,
1071 2281 1148 2354 ἀλλ’
1167 2284 1351 2381 ἀρσενικόν

243 2399 288 2474 τῶ
306 2399 374 2498 γάρ
391 2397 506 2483 ἀνεμος
521 2399 690 2498 ἀρσενικόν
706 2399 809 2472 ἔστιν.
836 2399 885 2472 EI
896 2397 961 2497 ἀρα
979 2398 1032 2472 οὖν
1048 2395 1092 2472 τδ
1104 2397 1163 2484 μὲν
1179 2400 1353 2499 χαριτιίεις

245 2517 406 2610 ἀποβολή
429 2523 488 2598 τῆς
508 2543 542 2586 ει
567 2513 763 2612 διφθόγγου
781 2517 842 2600 τήν
858 2517 985 2610 γενικήν
1000 2521 1062 2588 τοῦ
1088 2519 1227 2599 θηλυκοῆ
1250 2527 1351 2600 ποιεῖ,

243 2630 288 2706 τδ
318 2629 352 2703 δὲ
380 2631 504 2731 χαρίεις
526 2627 730 2719 ἀποβάλλον
754 2633 814 2716 τήν
843 2661 876 2704 ιιι
901 2631 1156 2730 δίφθογγονοῦ
1180 2641 1272 2704 ποιεῖ
1288 2634 1352 2716 τήν
1363 2663 1410 2702 20

247 2748 371 2843 γενικήν
386 2755 449 2820 τοῦ
474 2753 621 2831 θηλοκοῦ,
636 2731 730 2818 ἀλλά
753 2749 813 2831 τήν
830 2749 962 2832 εὐθεῖαν,
980 2745 1078 2846 χάρις
1094 2745 1175 2845 γάρ,
1193 2745 1351 2832 δηλονότι

131 2871 230 2938 116b
246 2863 289 2938 τδ
305 2865 473 2962 χαριτόεις
489 2863 829 2961 ἀνολογώτερονὲστί
845 2869 908 2936 τοῦ
924 2865 1059 2962 χαρίεις.
1112 2862 1352 2962 Παραφνλατ·
1468 2920 1469 2939 .

246 2981 375 3064 τόμεθα
406 2978 441 3050 δὲ
471 2976 562 3077 παρά
595 2983 643 3070 τῷ
679 2976 835 3077 Πινδάρῳ
867 2980 928 3064 τήν
958 2979 1140 3062 αι’τιατικήν
1169 2982 1354 3072 λεγομένην
1466 2957 1468 3051 ί

245 3093 389 3188 ὑγίεντα,
409 3097 450 3171 είς
472 3090 540 3164 ἀπὸ
568 3094 688 3172 εὐθείας
715 3092 784 3193 γάρ
811 3094 885 3166 ἔστί
911 3095 1186 3193 παραληγομένης
1209 3093 1280 3169 οίον
1301 3105 1353 3191 τῷ
1463 3117 1465 3161 ί

247 3213 340 3296 ι’ῶτα,
357 3211 397 3288 ῶς
414 3207 482 3280 ἀπδ
499 3215 562 3282 τοῦ
577 3209 687 3304 ὖγίεις.
1364 3244 1380 3282 2
1385 3243 1403 3303 5

297 3337 317 3370 ‘⁸
331 3325 393 3419 Τῷ
421 3326 569 3424 χαρίεντι
597 3322 658 3397 τάν
678 3327 837 3423 χαρίεντα
857 3326 884 3399 ιδ
905 3327 1013 3426 χαρίει
1021 3331 1065 3422 [ς]
1086 3327 1139 3400 καί
1158 3329 1186 3400 θ
1206 3329 1353 3427 χαρίεν.”

248 3441 353 3537 Λέγει
370 3445 389 3516 ὁ
406 3438 554 3540 τεχνικὸς
571 3441 627 3514 ὅτι
646 3439 742 3538 διχῶς
758 3442 896 3535 λέγεται
914 3445 932 3525 »5
948 3444 1094 3527 κλητική,
1112 3440 1182 3515 οἷον
1199 3447 1226 3515 ιδ
1240 3446 1352 3543 χαρίει

246 3562 298 3634 καί
316 3561 481 3659 ῶχαρίεν.
531 3557 661 3631 Ἰστίον
678 3557 713 3630 δὲ
729 3558 783 3630 δτι
801 3559 838 3630 αὖ
854 3557 955 3642 μόνον
973 3557 1069 3656 διχῶς
1093 3559 1232 3653 λέγεται
1259 3558 1352 3632 ἀλλά

245 3676 298 3748 καί
331 3680 465 3772 τριχῶς.
517 3671 667 3767 Λέγεται
702 3671 771 3772 γάρ
804 3675 856 3745 καί
885 3674 912 3745 ῶ
940 3675 1063 3772 χαρίεις
1095 3676 1275 3772 δμοφάνως
1307 3685 1352 3772 τῇ

244 3791 348 3882 εὗθείᾳ
359 3790 535 3872 Ἀττικῶς,
546 3794 580 3862 οἱ
592 3788 661 3888 γάρ
674 3790 829 3863 Ἀττικοί
846 3787 908 3868 τὰς
920 3788 1021 3868 αι’ττάς
1039 3791 1200 3887 [ἔχουσιν]
1217 3793 1351 3864 είῶθασι
1361 3829 1399 3885 30

244 3917 350 3978 ποιεῖν
368 3904 468 4002 ὀρθὰς
490 3907 542 3978 καί
564 3905 727 3991 κλητικάς,
746 3906 815 3978 οἷον
832 3908 850 3978 ὁ
869 3905 956 3984 Αίος
972 3906 999 3980 ῶ
1014 3907 1147 3988 Α’ίας,ἀ
1170 3907 1310 4002 κοχλίας
1327 3905 1354 3980 ιδ

245 4023 393 4119 κοχλίας.
445 4021 499 4094 T&
523 4023 556 4094 δὲ
582 4025 608 4094 ιδ
632 4026 739 4120 χαρίει
762 4020 963 4123 κανονίζεται
985 4031 1106 4097 τοῦτον
1124 4021 1187 4094 τάν
1208 4023 1351 4121 τρόπον·
1446 3999 1449 4105 5

243 4136 290 4211 τὰ
308 4141 350 4216 είς
369 4169 385 4210 τ
403 4142 553 4233 λήγοντα
576 4138 662 4224 μετὰ
686 4139 881 4238 διφθόγγον
904 4140 1066 4234 ἀποβολή
1087 4145 1150 4211 τοῦ
1172 4169 1190 4210 x
1216 4146 1350 4214 ποιοῦσι

245 4256 306 4340 τήν
334 4255 497 4342 κλητικήν,
527 4255 596 4328 οίον
625 4257 644 4326 ὁ
673 4255 750 4334 Ζεὺς
778 4255 898 4338 Meo,
923 4257 942 4327 ὁ
971 4255 1101 4339 Πηλεὺς
1125 4254 1152 4328 ιδ
1178 4253 1350 4342 Πηλεΰ,ὁ

245 4371 467 4471 Ἀχιλλεὺςῶ
482 4371 660 4472 Ἀχιλλεῦ,
677 4373 696 4444 ὁ
714 4383 792 4452 ταῖς
806 4373 834 4444 δ
850 4381 920 4454 ταί,
938 4372 956 4442 ὁ
974 4373 1054 4460 βοῦς
1068 4371 1096 4444 ιδ
1111 4373 1221 4462 βοῆ,ὁ
1239 4377 1310 4451 νοῦς
1325 4377 1390 4458 δςς
1440 4449 1441 4495 γ

1421 4497 1440 4940 ί
