2972 5014
29 307 97 386 ζ’,
442 315 509 374 ΕΙΣ
531 315 586 374 ΤΟ
609 315 902 374 ΟΝΟΜΑΤΙΚΟΝ.
1160 328 1221 394 347

29 515 47 557 1
83 517 108 558 a
118 482 295 579 γαστέρος
312 483 438 576 γίνεται
455 481 540 554 κατά
558 484 727 576 σνγκοτὴν
743 482 906 578 γαστρός.
933 479 1047 553 Τοῦτο
1064 480 1099 553 θὲ
1114 482 1223 566 μόνον,

117 598 213 695 φημί
240 597 278 681 θη
302 597 345 670 τά
370 599 517 696 γαστὴρ,
535 595 680 692 ὀξύνεται
704 599 797 692 ἕντῇ
818 598 934 689 εύθείᾳ,
950 603 1015 669 τῶν
1031 595 1143 668 ἄλλων
1157 602 1224 669 τῶν

117 716 167 790 εἷς
187 743 230 784 1³1²
247 711 328 810 ὑπὲρ
353 714 430 797 μίαν
447 715 631 801 συλλαβὴν,
650 717 791 798 θηλυκῶν
808 711 972 797 θηλονότι,
989 715 1224 810 βαρυνομένων,

116 829 195 900 οἷον
213 831 382 926 Δημήτηρ,
397 826 557 926 θυγάτηρ,
576 826 715 928 εἰνάτηρ,
732 833 853 926 μήτηρ.
907 828 1115 926 Πράσκειται
1134 839 1155 872 “
1169 833 1225 914 θη-

115 944 221 1016 λυκὸν
244 944 326 1041 ὑπὲρ
354 946 431 1028 μίαν
453 945 643 1033 σνλλαβίην”
667 943 718 1016 θεά
743 945 786 1018 τῦ
815 946 874 1042 κὴρ
901 945 1037 1028 θηλυκὸν
1061 945 1249 1028 μονοσύλ·5

116 1063 234 1149 λαβον
251 1057 450 1156 άξυνάμενον·
466 1058 510 1132 τὸ
525 1061 680 1157 ῥαιστὴρ,
698 1062 821 1158 σωτὴρ,
838 1061 912 1159 άῆρ,
928 1062 981 1131 καὶ
1002 1061 1067 1132 ὅσα
1084 1066 1224 1133 τοιαῦτα

117 1175 276 1272 ἆρσενικά
291 1177 371 1250 ὄντα
388 1173 552 1254 πολλάκις
570 1179 603 1247 οἱ
617 1178 753 1260 ποιηταί
770 1178 1015 1274 μεταφέρουσιν
1028 1179 1070 1254 είς
1088 1175 1224 1260 θηλυκὸν

118 1292 228 1386 γένος,
262 1292 332 1366 οίον
366 1290 428 1365 τάν
462 1295 638 1390 ῥαιστῆρα,
673 1295 733 1377 τὴν
762 1296 939 1390 ῥαιστῆρα,
972 1289 1052 1376 οἷον,
1093 1295 1148 1386 [ll.
1179 1294 1223 1366 σ’.

118 1406 222 1502 ειν]

286 1509 404 1582 15⁰⁰*le
417 1510 547 1582 ΚΡΜθν»
1237 1548 1274 1590 10

122 1638 217 1732 (ἀντὶ
234 1644 293 1710 τοῦ
310 1639 452 1736 σφύραν,
469 1639 522 1710 καί
540 1639 614 1711 ἔστι
635 1637 727 1736 ταρὰ
752 1638 795 1711 τά
820 1642 901 1736 ῥαίιο
924 1638 968 1712 τά
994 1639 1146 1736 φθείρυ,)
1164 1635 1226 1708 τὸν

118 1754 222 1852 άνέρα
248 1754 307 1838 τὴν
322 1755 430 1852 άνίρα,
451 1753 512 1827 τὸν
536 1763 671 1854 σωτῆρα
692 1757 752 1838 τὴν
768 1759 916 1853 συτῆρα,
966 1753 1085 1826 Ταῦτα
1111 1751 1146 1824 δὲ
1171 1754 1226 1823 οῦκ

119 1871 300 1942 ἀντίκειται
330 1875 403 1956 ἡμῖν
429 1872 505 1943 οῦν-ε
528 1869 614 1943 κατὰ
639 1871 748 1955 τόνον,
772 1874 847 1944 οῦτε
871 1869 956 1943 κατὰ
982 1870 1099 1952 κλίσιν,
1116 1867 1225 1952 ἐπειδὴ

119 1985 209 2058 κατά
227 1987 395 2071 ποιητικὴν
412 1984 561 2081 ἐξουσίαν
579 1986 646 2058 άπὸ
669 1988 838 2084 ἀρσενικοῦ
854 1989 965 2080 γένους
980 1986 1226 2082 μετηνέχθησαν

120 2104 167 2180 εἷς
193 2099 329 2186 θηλυκὸν
354 2102 457 2195 γένος,
480 2103 534 2173 καί
558 2103 680 2175 λοιπὸν
696 2104 756 2186 τὴν
771 2104 880 2175 κλίσιν
896 2103 949 2173 καὶ
974 2099 1035 2174 τὸν
1051 2100 1149 2174 τόνον
1164 2105 1227 2173 τοῦ
1237 2132 1273 2195 15

120 2217 292 2316 ἀρσενικοῦ
308 2219 418 2312 γένους
434 2215 613 2315 ἐφύλαξαν.
666 2219 784 2291 Ταῦτα
801 2221 833 2290 ἐν
848 2220 992 2297 τούτοις.

174 2332 237 2411 Εἷς
254 2363 295 2404 αν
313 2331 348 2405 δὲ
373 2332 425 2404 διὰ
448 2340 511 2406 τοῦ
527 2365 548 2405 n
565 2336 620 2404 οῦκ
643 2336 762 2431 ἔχομεν
779 2335 926 2419 θηλυκόν.
978 2333 1166 2406 Βούλονται
1192 2331 1227 2404 δέ

120 2480 207 2526 τινες
223 2447 447 2522 άνατλάττειν
464 2448 532 2520 άτῦ
549 2457 610 2521 τοῦ
631 2452 687 2543 [ΙΙ.
705 2450 742 2523 ε’.
760 2456 852 2540 486.]

283 2573 436 2645 άμυνίμεναι
451 2572 555 2646 ὄρεσιν,

120 2685 194 2755 ἆντὶ
211 2691 273 2756 τοῦ
288 2695 361 2762 ταῖς
377 2682 536 2780 γυναιξὶν,
554 2687 705 2782 εύθεῐαίν)
729 2693 795 2758 τῶν
811 2690 916 2759 ἑνικῶν
932 2685 977 2783 ιύρ
995 2684 1064 2757 άπὸ
1084 2691 1146 2757 τοῦ
1162 2683 1224 2782 άορ
1236 2715 1274 2756 20

122 2799 294 2894 γενόμενον
305 2801 370 2896 (ην)
383 2799 468 2873 κατά
482 2804 598 2898 κρᾶσιν
614 2807 676 2872 τοῦ
689 2832 709 2872 κ
722 2803 774 2873 καὶ
789 2833 808 2874 ο
822 2805 865 2880 ει’ς
881 2833 913 2885 α,
926 2800 1040 2899 ὥσπερ
1052 2803 1226 2898 κρείττονα

121 2917 270 3013 κρείττω,
303 2919 347 2989 ιθν
384 2917 457 2989 ἔστί
499 2918 552 2988 καί
589 2917 792 3016 Ἡρωδιανὸς
833 2921 936 3009 ἐαυτῷ
978 2918 1225 3001 ἐναντιούμενος.

121 3029 233 3109 Αύτάς
249 3031 317 3130 γάρ
335 3033 427 3126 λέγει
444 3034 477 3104 ἕν
494 3032 588 3124 ἄλλῳ
605 3035 722 3132 τρόπῳ
742 3035 878 3132 (τόπῳ),
896 3035 951 3107 ὅτι
976 3032 1089 3133 ὥσπερ
1111 3031 1156 3105 τά
1182 3034 1226 3112 είς

123 3176 167 3219 κε
183 3150 436 3238 μονοσύλλαβα,
453 3151 554 3234 μάνου
576 3149 635 3236 μὲν
652 3151 822 3249 ἀρσενικοῦ
847 3152 958 3246 γε’νονς
981 3151 1074 3237 ὄντα,
1092 3145 1227 3248 φυλάτ-

122 3295 216 3336 τουσι
232 3262 276 3336 τό
293 3295 316 3337 α
333 3266 385 3339 καί
402 3267 435 3338 ἕν
450 3273 493 3362 τῇ
512 3273 632 3362 γενικῇ,
649 3264 718 3338 οίον
736 3268 797 3366 θὴρ
815 3266 922 3365 θηρὸς,
940 3268 1011 3365 φίιρ
1029 3263 1146 3364 φηρὸς,
1164 3267 1224 3362 [Il.
1236 3294 1271 3354 25
1367 3303 1372 3314 ·

123 3379 166 3452 α’.
185 3385 274 3470 268.]

283 3507 385 3580 φηρσὶν
400 3507 588 3581 άρεσκῶεσσιν,

124 3607 195 3680 άντί
211 3615 273 3681 τοῦ
287 3612 480 3710 κενταύροις,
499 3616 637 3695 θηλυκοῦ
653 3609 687 3683 θὲ
703 3611 815 3705 γένους
832 3611 914 3683 ὄντα
940 3611 993 3681 καὶ
1011 3605 1224 3708 φυλάττουσι

123 3722 163 3796 τά
192 3753 215 3795 ιε
242 3725 296 3796 καὶ
327 3727 581 3810 συστέλλουσιν,
611 3723 682 3798 οίον
710 3728 769 3826 κίηρ
799 3724 905 3824 κηρὸς,
933 3727 986 3798 καί
1020 3725 1129 3824 καράς,
1163 3727 1223 3824 [11.

125 3841 165 3932 ε’·
186 3843 274 3934 1¹5·]
978 3927 980 3932 ,
1234 3873 1273 3931 ³0

284 3995 347 4065 κῆρα
360 3991 383 4048 θ’
397 3993 448 4065 ἐγὼ
461 3991 521 4048 τύτε
535 3994 651 4064 δέξομαι.

125 4087 173 4159 καί

283 4189 330 4244 τίει
344 4190 563 4262 θέμινένκορὸυ
577 4187 651 4259 μίση.

126 4311 220 4389 ούτως
236 4309 291 4383 οῦν
307 4313 359 4384 καὶ
375 4309 421 4383 τά
443 4312 487 4388 είς
503 4340 545 4382 οε
563 4309 717 4408 άρσενικά
741 4309 983 4398 μονοσύλλαβα
1010 4306 1223 4405 φυλάττουσι

125 4425 163 4498 τὸ
195 4457 218 4499 ο
253 4427 285 4498 ἐν
311 4433 354 4522 τῇ
383 4429 504 4523 γενικῇ,
535 4426 604 4499 οἷον
634 4425 711 4524 φῦρ
745 4423 868 4523 φωρὸς,
898 4423 1060 4518 (σημαίνει
1095 4423 1129 4496 δὲ
1162 4421 1222 4497 τάν
1230 4454 1246 4508 3
1253 4456 1268 4518 5

626 4563 648 4604 ν
664 4558 720 4628 y2
