2966 5014
273 279 334 368 158
562 277 764 340 mamm
786 278 1083 343 ΧΟΙΡΟΒΟΣΚΟΤ
1405 275 1469 344 flod

270 453 341 530 οῖον
357 449 461 524 πλέον
476 455 584 534 πλεῖν,
600 446 672 522 δέον
686 447 761 532 δεῖν,
777 450 819 527 ὦς
834 451 915 546 παρ’
932 447 1182 548 Ἀριστοφάνει
1196 451 1231 523 έν
1242 451 1397 550 Barpa-

270 604 355 672 χοῖῖι
373 565 459 664 [9¹⁸]

394 691 536 766 Εὐριπίδου
549 693 626 748 κλεῖν
638 691 654 761 ἦ
668 690 768 768 στώῖηι
779 694 936 768 λαλίστερα.

273 804 342 876 Καὶ
361 794 475 880 πάλιν,
489 793 560 868 δέον
577 794 653 882 δεῖν,
666 806 688 838 “
701 794 765 868 δεῖν
781 795 854 870 τόδ’
871 799 1034 891 έγένετο,”
1046 798 1122 870 ἆντῖ
1138 804 1202 870 τοῦ
1219 798 1294 871 δέον
1306 801 1399 872 τόδε

270 922 415 1015 ἐγένετο.
467 911 586 985 Τοῦτο
602 912 661 998 μέν
677 914 709 984 έν
725 913 870 992 τοῦτοις.
1407 945 1424 1001 5

313 1029 438 1127 Ἀξιον
455 1027 490 1100 δέ
506 1029 580 1102 έστῖ
598 1025 750 1128 ζητῆσαι,
763 1026 816 1100 διὰ
833 1029 932 1101 ποῖον
949 1030 1059 1102 αι’τῖιιν
1074 1027 1120 1102 τὰ
1137 1033 1182 1107 εἷς
1199 1061 1245 1102 ετ
1256 1033 1396 1129 ἔχοντα

270 1153 330 1236 τὴν
353 1145 478 1242 γενικὴν
500 1147 543 1224 εῖς
565 1175 623 1218 οτι
649 1147 686 1218 οὖ
709 1143 857 1240 γίνονται
884 1143 936 1217 διὰ
961 1153 1024 1219 τοῦ
1042 1177 1061 1218 ιι
1078 1147 1133 1218 καῖ
1153 1179 1176 1219 ο
1200 1147 1395 1234 Ἀττικῶς,

272 1265 342 1340 οῖον
372 1263 583 1348 Δημοσθένης
609 1263 839 1348 Δημοσθένους
867 1263 1107 1349 Δημοσθένους,
1134 1264 1187 1334 καῖ
1215 1265 1396 1350 Διομήδης

273 1380 458 1466 Διομήδεος
484 1377 676 1462 Διομήδους,
701 1377 815 1477 ὥσπερ
843 1377 974 1462 Πηλεῦς
1002 1378 1137 1462 Πηλέος
1163 1381 1216 1450 καῖ
1242 1379 1395 1464 Πηλέως

273 1498 447 1580 Ἀττικῶς,
474 1496 526 1566 καῖ
551 1495 710 1584 βασιλεὺς
739 1495 900 1583 βασιλέος
928 1495 982 1567 καῖ
1010 1495 1176 1582 βασιλέως
1202 1495 1439 1572 'Amnis-10

1142 1603 1289 1638 zu·

274 1614 344 1686 Καὶ
360 1613 498 1708 λέγουσι
516 1611 600 1690 τινές
615 1613 676 1696 την
692 1611 801 1684 οῖτῖαν
816 1611 948 1694 τοῦτην,
966 1610 1021 1683 ὅτι
1046 1611 1116 1682 ε’τει
1138 1644 1156 1694 η
1181 1643 1237 1682 επι
1254 1615 1392 1686 τούτων

272 1730 430 1813 ε’ποῖησιιν
446 1731 563 1826 κρᾶσιν
579 1730 612 1800 οῖ
628 1727 783 1800 Ἀττικοῖ
800 1724 886 1798 κατὰ
912 1727 972 1810 τὴν
989 1728 1125 1820 γενικὴν,
1141 1729 1266 1800 τοῦτου
1282 1727 1390 1827 χάριν

276 1848 332 1918 οὖκ
362 1845 519 1928 ε’ποιήσσν
544 1845 677 1916 έκτοσιν
701 1848 764 1914 τοῦ
788 1873 808 1913 ο
834 1846 878 1920 εῖς
903 1866 936 1914 ο·
962 1843 1054 1916 οὖτοι
1085 1841 1120 1914 δέ
1150 1845 1206 1914 οὖκ
1237 1845 1389 1942 ἆκριβῶς

273 1963 424 2054 λέγουσι,
441 1955 604 2036 πολλάκις
630 1957 665 2031 δέ
689 1961 723 2030 οῖ
745 1956 901 2032 Ἀττικοὶ
926 1959 1059 2032 ἔκτασιν
1085 1958 1138 2030 κσῖ
1164 1963 1285 2056 κρᾶσιν
1307 1991 1388 2032 ποι-

274 2085 396 2162 οῦνται,
430 2077 500 2148 οῖον
532 2075 730 2174 Ἐρετριέως
763 2073 952 2173 Ἐρετριεῖς,
988 2073 1166 2172 Πειραιέως
1204 2074 1384 2173 Πειραιῶς,
1399 2107 1430 2162 ¹5

275 2193 447 2290 Στειριέως
477 2191 644 2290 Στειριῶς.
696 2191 744 2262 Τι’
773 2189 826 2262 οὖν
851 2187 981 2261 ἄτοπον
1006 2191 1059 2260 ε’πῖ
1089 2187 1223 2262 τοῦτων
1244 2191 1386 2263 ἔκτασιν

275 2309 428 2404 γενέσθαι
445 2307 498 2379 καῖ
516 2311 653 2404 κρᾶσιν;
680 2307 849 2405 Κρεῖττον
869 2303 923 2377 οὖν
945 2306 1039 2378 ἔστιν
1064 2308 1164 2378 εῖπεῖν
1185 2307 1247 2389 τὴν
1270 2309 1385 2380 αἰτίαν

179 2451 218 2525 97
236 2437 258 2503 b
274 2425 405 2506 ταῦτην·
440 2426 474 2494 οῖ
494 2421 651 2494 Ἀττικοὶ
677 2427 846 2500 ποιοῦντες
868 2419 920 2493 διὰ
939 2427 1002 2493 τοῦ
1018 2451 1038 2493 ιι
1055 2422 1107 2492 καῖ
1126 2451 1146 2494 ο
1165 2423 1225 2504 τὴν
1242 2424 1384 2515 γενικὴν,

274 2539 328 2610 έπῖ
347 2537 425 2620 ὅλης
447 2545 505 2619 τῆς
527 2533 732 2630 κατολῆξεως
754 2543 858 2610 τοῦτο
883 2543 1028 2620 ποιοῦσι,
1045 2538 1098 2608 καῖ
1124 2538 1180 2608 οὖκ
1205 2538 1263 2607 έπῖ
1283 2569 1384 2610 τινων

273 2652 331 2738 μέν
347 2657 508 2736 ποιοῦσιν,
525 2651 581 2722 έπῖ
604 2682 699 2723 τινων
716 2650 751 2723 δὲ
769 2654 806 2723 οὖ
822 2658 984 2738 ποιοῦσιν,
1001 2651 1071 2724 οῖον
1086 2653 1141 2724 ε’τῖ
1161 2659 1229 2724 τῶν
1246 2657 1291 2731 εῖς
1309 2685 1382 2738 m,
1394 2690 1430 2730 το

275 2773 444 2847 ποιοῦντες
470 2765 522 2840 διὰ
549 2773 612 2840 τοῦ
639 2799 659 2840 ιι
689 2769 743 2840 καῖ
768 2799 790 2840 ο
814 2769 875 2852 πῖιν
899 2769 1036 2862 γενικὴν,
1058 2767 1111 2840 καῖ
1135 2769 1190 2840 ε’πῖ
1216 2770 1297 2854 ὅλης
1322 2781 1384 2855 τῆς

274 2881 480 2978 καταλήξεως
495 2890 599 2956 τοῦτο
616 2889 762 2968 ποιοῦσι,
779 2885 831 2956 καῖ
849 2886 904 2956 οὖκ
920 2885 974 2956 ε’πῖ
991 2883 1050 2968 μέν
1065 2889 1133 2956 τῶν
1149 2885 1252 2957 ὄντων
1267 2889 1383 2983 κυρῖων

274 3005 378 3070 τοῦτο
394 3005 555 3082 ποιοῦσιν,
572 3001 626 3070 έπῖ
644 2997 679 3072 δέ
694 3005 760 3072 τῶν
775 3000 821 3083 μῖι
841 2999 942 3073 ὄντων
958 3001 1069 3098 κυρίων
1084 3007 1189 3073 τοῦτο
1212 3003 1250 3072 οὖ
1267 3009 1385 3074 ποιοῦ-

274 3145 338 3196 σιν,
356 3113 432 3184 ἁλλ’
450 3114 504 3184 ε’τῖ
530 3113 615 3186 ὅλων
640 3122 802 3200 ποιοῦσιν,
827 3113 897 3188 οῖον
921 3115 1051 3200 Πηλεὺς
1074 3116 1222 3202 Πηλέως,
1239 3117 1383 3216 Ἀτρεῦς

274 3228 431 3327 Ἀτρέως,
448 3229 605 3318 βασιλεὺς
622 3231 796 3319 βασιλέως,
814 3230 911 3326 ῖερεῦς
927 3232 1041 3329 ῖερέως.
1084 3231 1135 3304 Εῖ
1149 3235 1309 3316 έτοῖησαν
1326 3233 1384 3306 οὖν
1394 3269 1426 3326 ²5
1479 3307 1480 3311 ,

274 3345 328 3416 έτῖ
345 3349 410 3418 τῶν
427 3347 470 3424 εῖς
488 3375 530 3418 ειν
548 3348 591 3424 εῖς
617 3375 678 3416 own
700 3345 921 3442 ἐχόντωντὴν
938 3349 1063 3440 γενικὴν
1080 3349 1191 3446 κυρίων
1208 3347 1261 3422 διδ
1278 3357 1343 3423 τοῦ
1360 3383 1381 3424 κ

273 3463 326 3534 καῖ
357 3492 389 3546 ο,
417 3457 645 3562 ἠναγκάζοντο
670 3461 723 3532 καῖ
750 3461 804 3531 ε’πῖ
834 3467 899 3532 τῶν
923 3464 1081 3536 ἐπιθέτων
1100 3470 1205 3537 τοῦτο
1230 3473 1381 3548 ποιῆσαι·

274 3579 304 3648 εῖ
328 3576 362 3649 δέ
387 3579 545 3662 έποῖησαν
570 3573 622 3648 διὰ
648 3582 712 3647 τοῦ
733 3605 753 3648 ι
775 3577 828 3648 καῖ
851 3607 872 3647 ο
895 3579 947 3649 καῖ
973 3579 1027 3649 έπῖ
1052 3585 1118 3652 τῶν
1140 3581 1298 3652 ἐπιθέτων
1320 3583 1382 3665 τῖςν

275 3693 409 3785 γενικὴν,
427 3691 518 3788 εἶχον
534 3697 642 3763 ταῦτα
667 3693 900 3776 σννεμπῖπτειν
924 3703 995 3771 τοῖς
1019 3694 1248 3792 έπιρρῆμασιν,
1272 3693 1380 3768 οῖονὸ

277 3805 411 3892 εὖσεβῖις
435 3810 496 3875 τοῦ
521 3805 686 3893 εὖσεβέως,
709 3806 762 3878 καῖ
788 3807 943 3895 εὖσεβέονς
967 3806 1005 3891 δη
1030 3809 1172 3901 ἐγένετο,
1198 3811 1217 3880 ὁ
1244 3809 1382 3908 ἆτρεκῖις
1390 3851 1426 3910 30

275 3924 338 3990 τοῦ
362 3918 529 4014 ἀτρεκέως,
552 3921 604 3992 καῖ
630 3921 786 4020 ἆτρεκέινς
810 3920 982 4007 ελιῖλησεν,
1008 3925 1027 3994 ὁ
1053 3925 1179 4017 εὖγενῖις
1202 3932 1266 3996 τοῦ
1290 3928 1381 4020 εὖγε·

277 4033 359 4118 νέως,
376 4031 428 4103 καῖ
446 4035 591 4128 εὖγενέως
608 4038 790 4136 συνέηνχεν.
842 4037 918 4110 Τῶν
931 4037 984 4112 οὖν
1000 4039 1160 4112 ἐπιθέτων
1175 4041 1380 4124 κωλυομένων

276 4148 430 4240 γενέσθαι
448 4147 499 4220 διὰ
516 4157 578 4224 τοῦ
596 4183 614 4224 ιι
631 4153 683 4223 καῖ
701 4183 723 4224 ο
739 4153 826 4225 κατὰ
850 4155 910 4236 τῖην
927 4155 1052 4247 γενικὴν
1064 4153 1232 4234 Ἀττικῶς
1249 4155 1301 4228 διδ
1318 4161 1380 4242 την
1478 4197 1479 4218 1

341 4261 351 4288 Ι
556 4271 572 4290 Α
623 4269 632 4292 9
770 4266 778 4293 Ι
949 4271 958 4297 Ι
1115 4271 1125 4298 ἢ
1178 4269 1189 4294 ἵ
1241 4272 1251 4298 Ι
1364 4271 1374 4296 ἱ

275 4292 503 4345 συνεμπτωσιν
528 4297 593 4338 των
616 4297 855 4365 επιρρημοτων,
872 4277 1049 4342 κωλυονπαι
1073 4301 1125 4341 και
1148 4301 1193 4342 το
1212 4303 1317 4370 κυριιι,
1333 4305 1378 4346 τα

275 4379 319 4455 εῖς
336 4407 378 4450 υτ
396 4381 439 4456 εῖς
457 4409 518 4452 ow:
534 4381 659 4478 ἔχοντα
681 4384 742 4467 τὴν
759 4385 893 4477 γενικὴν,
912 4387 1065 4479 γενέσθαι
1090 4381 1141 4459 διδ
1163 4393 1224 4459 τοιῖ
1242 4417 1262 4460 κ
1280 4390 1333 4462 κοῖ
1356 4419 1420 4491 ⁰35
