2982 5022
249 349 251 355 ι
296 331 341 394 44
594 316 796 378 νοονυιου
817 315 1111 378 κοινοοοοκυν
1412 309 1483 384 Καὶ

297 484 424 568 κλίνειν,
450 481 685 572 ι’σοσυλλόβιος
710 485 839 567 ἔκλινεν,
866 483 951 554 ότου
977 482 1011 554 δὲ
1040 485 1140 581 ἐχρῆν
1165 483 1404 572 ι’σααυλλόβαις

212 615 255 679 49
271 600 424 682 ᾶκλίνειν,
454 598 779 698 τεριττοσυλλύβιος
808 599 941 672 ἔκλινεν.
986 597 1041 670 Τό
1066 597 1101 672 δὲ
1125 600 1203 692 γύης
1228 601 1320 692 γύου,
1346 601 1402 672 ὅτι

299 716 453 803 ιάμβικόν
473 718 561 788 ἐστι·
601 717 688 814 φασί
742 715 757 788 ὲ
793 715 846 788 ὅτι
881 715 963 799 Γύης
992 713 1078 787 ούτω
1111 747 1162 793 τις
1194 717 1403 800 καλούμενος,

298 830 455 920 βασιλεύς
471 837 536 903 τῶν
551 832 700 929 Φρυγῶν.
734 829 928 926 Ἐδείξαμεν
943 829 996 902 ούυ
1013 831 1067 902 ὅτι
1085 829 1130 902 τὰ
1146 829 1205 914 μὲν
1220 837 1286 903 τῶν
1303 863 1405 915 σεση-

297 947 473 1032 μειωμένιυυ
497 949 630 1044 ἔχουσιν
651 947 852 1042 ἀπολογίαν,
872 945 917 1020 τίι
941 945 976 1018 δὲ
998 948 1083 1044 ούχί.
1136 946 1343 1046 Πρόσκειται
1372 951 1430 1032 ε’ν5

297 1069 346 1154 τῷ
364 1064 469 1134 κανόνι
489 1076 508 1104 “
522 1063 723 1160 βαρύτονα,”
737 1062 789 1136 διὰ
805 1062 850 1136 τὰ
868 1061 1009 1158 όξύτονα
1025 1063 1078 1134 καί
1096 1061 1141 1135 τὰ
1158 1067 1404 1160 τεριατιύμενα.

300 1178 369 1248 Καὶ
388 1176 526 1273 όξύτονα
543 1177 611 1262 μὲν,
630 1177 681 1250 διὰ
699 1177 742 1251 τό
764 1180 875 1277 σαφὴς
892 1185 1031 1276 σαφοῦς,
1048 1184 1152 1250 τοῦτο
1169 1176 1239 1276 γὰρ
1256 1179 1309 1250 καί
1328 1183 1404 1262 ιάμ-

299 1293 395 1382 βικὸν
419 1296 522 1376 ἐστίν,
549 1293 617 1366 ιἰπό
643 1296 803 1394 βραχείας
827 1295 880 1366 καί
904 1297 1030 1392 μακρᾶς
1055 1295 1237 1388 σύγκειται,
1262 1296 1316 1366 καί
1347 1297 1404 1366 ούκ

298 1411 367 1506 ἔχει
394 1411 443 1480 ἐτ’
461 1411 581 1487 εὐθείας
603 1407 647 1483 τό
671 1441 702 1494 τ,
724 1411 776 1482 καὶ
803 1411 887 1496 ὅμως
908 1413 950 1489 είς
973 1441 1013 1482 οτ
1028 1409 1096 1507 ἔχει
1119 1412 1179 1494 τὴν
1198 1411 1325 1506 γενικίην
1349 1412 1403 1483 καί

300 1526 337 1596 ού
362 1523 414 1596 διὰ
440 1532 501 1597 τοῦ
525 1555 596 1610 τοο,
622 1527 699 1598 ἀλλ’
725 1529 781 1598 ούκ
805 1529 879 1598 ἔστι
906 1527 1092 1624 βαρύτονου
1118 1524 1209 1598 ιἰλλᾶ
1234 1529 1404 1624 τεριστιύ-
1417 1553 1451 1592 10

298 1671 404 1724 μενον,
422 1641 476 1712 ε’τί
493 1649 554 1713 τοῦ
570 1643 686 1721 τέλους
703 1641 771 1742 γὰρ
788 1645 856 1740 ἔχει
872 1643 933 1726 τὴν
950 1641 1207 1740 τεριστιομέυην.
1236 1642 1351 1716 Ἐστι
1369 1641 1404 1714 δὲ

299 1758 403 1841 ὄνομα
420 1759 539 1856 κύριον.

346 1873 479 1944 Ἰστέου
497 1873 541 1956 δὲ,
559 1874 612 1944 ότι
637 1875 724 1956 ἡνίκα
749 1872 807 1957 μὲν
828 1876 1046 1970 περιστᾶται,
1063 1875 1106 1952 είς
1121 1875 1182 1957 τὴν
1199 1903 1239 1945 ον
1256 1872 1407 1972 δίφθογ·

300 2017 363 2082 γον
394 1989 462 2085 ἔχει
502 1990 562 2072 την
596 1989 732 2081 γενικὴν,
766 1991 785 2059 ὁ
824 1988 938 2072 Θαλῆς
978 1995 1040 2061 τοῦ
1082 1989 1206 2073 Θαλοῦ,
1246 1992 1334 2072 ἡνίκα
1368 1989 1406 2062 δὲ

299 2105 498 2202 βαρύνεσθαι
527 2104 606 2200 (sie)
633 2103 684 2176 διὰ
710 2110 773 2176 τοῦ
797 2135 857 2176 τοι
882 2105 1038 2188 κλίνεται,
1062 2104 1132 2176 οἷον
1156 2106 1175 2176 ό
1202 2103 1316 2189 θόλης
1340 2113 1407 2179 τοῦ
1420 2135 1428 2173 ι
1436 2135 1452 2192 5

300 2217 467 2303 θόλητος.
520 2233 540 2263 “
553 2219 729 2309 Ἰαμβικὲι”
750 2219 785 2292 δὲ
807 2219 1003 2318 πρόσκειται
1024 2221 1057 2292 ἐν
1076 2227 1124 2313 τῷ
1148 2222 1267 2308 κανόνι,
1284 2221 1338 2296 διὰ
1356 2223 1405 2296 τὰ

299 2335 491 2418 στονδιακὰ,
509 2342 609 2430 ἤγουν
629 2335 675 2408 τὰ
699 2338 734 2406 ἐκ
757 2336 813 2408 δύο
837 2342 967 2432 μακρῶν
984 2338 1186 2430 συγκείμενα,
1204 2341 1244 2416 ὡς
1263 2339 1318 2410 ε’τὶ
1341 2347 1407 2412 τοῦ

299 2448 436 2546 Χρύσης
453 2449 602 2546 Χρύσου,
619 2452 671 2520 καί
688 2450 812 2550 Ξέρξης
829 2450 966 2548 Ξέρξου·
992 2459 1099 2524 ταῦτα
1123 2452 1192 2552 γὰρ
1215 2455 1257 2531 είς
1278 2455 1340 2538 τὴν
1362 2485 1405 2527 οτ

300 2563 494 2660 δίφθογγον
522 2567 590 2661 ἔχει
620 2567 680 2648 τὴν
710 2568 846 2661 γενικὴν,
874 2570 915 2645 ὡς
943 2569 1115 2665 προίόντος
1144 2570 1263 2665 ἔχομεν
1291 2573 1403 2642 εἰπεῖν.

299 2677 506 2777 Πρόσκειται
527 2682 595 2764 “μῆ
612 2683 736 2778 ἔχοντα
754 2683 804 2752 ἐτ’
815 2683 934 2759 εὐθείας
946 2681 989 2754 τό
1002 2684 1042 2754 τ”
1055 2681 1107 2756 διὰ
1124 2681 1167 2756 τό
1181 2683 1278 2768 δύτης
1290 2685 1405 2772 δότου,
1415 2716 1452 2754 αο

298 2796 423 2878 τλύτης
441 2797 580 2882 τλύτου,
598 2799 694 2881 θύτης
712 2799 821 2870 θύτου.
854 2798 973 2870 Ταῦτα
988 2798 1047 2882 μὲν
1065 2797 1134 2898 γοίρ
1151 2804 1213 2874 εἱσι
1231 2805 1404 2900 βαρύτονα

297 2911 350 2982 καί
365 2910 513 2998 ιάμβικὰ,
527 2913 579 2982 καί
594 2912 679 2996 όμιος
692 2917 734 2990 εἰς
746 2915 806 2996 τὴν
818 2945 857 2985 ον
870 2913 1064 3012 δίφθογγον
1075 2919 1189 3015 ἔχουσι
1202 2920 1262 3003 τίην
1275 2923 1404 3012 γενικὴν

298 3025 350 3094 καί
368 3027 406 3095 ού
423 3023 474 3096 διὰ
497 3034 559 3098 τοῦ
575 3057 647 3112 τοι,
664 3029 741 3099 ἄλλ’
759 3030 896 3126 ἔχουσιν
912 3031 963 3100 ἔτ’
981 3032 1100 3109 εὐθείας
1116 3030 1160 3105 τό
1178 3065 1208 3106 τ.
1259 3034 1405 3115 Τούτοις

299 3141 475 3212 ἀντίκειται
502 3140 545 3213 τό
572 3141 711 3240 Κράτης
737 3141 928 3242 Κράτητος,
951 3147 1026 3218 ἔστι
1052 3147 1087 3220 δὲ
1109 3149 1212 3234 ὄνομα
1235 3160 1402 3236 ποταμοῦ,

298 3255 377 3350 ἔχον
387 3256 439 3324 ἐτ’
450 3258 569 3335 εύθείας
581 3256 625 3330 τό
638 3289 659 3332 τ
671 3261 723 3331 καί
735 3261 780 3344 μὴ
796 3261 875 3356 ἔχον
889 3263 932 3338 είς
945 3291 985 3332 ου
998 3261 1190 3360 δίφθογγον
1202 3267 1262 3350 τὴν
1275 3271 1402 3360 γενικὴν
1413 3289 1448 3347 25

416 3373 425 3392 .
490 3370 499 3396 ι

298 3367 379 3439 ἁλλ’
396 3402 439 3448 εις
460 3403 503 3442 το
524 3403 596 3446 τοι.
649 3376 873 3460 Σεσημείωται
892 3379 924 3448 ἐν
940 3384 990 3469 τῷ
1006 3380 1113 3452 κανόνι
1134 3379 1176 3453 τό
1195 3381 1311 3468 Κόμης
1328 3383 1403 3456 Κό-

297 3517 371 3572 μου,
384 3488 436 3558 καί
455 3489 532 3580 γύης
545 3489 632 3583 γύου,
645 3489 879 3580 ι’σοσυλλόβοις
891 3494 1047 3566 κλιθέντα
1061 3497 1114 3566 καί
1132 3499 1169 3568 ού
1182 3496 1233 3570 διὰ
1249 3507 1313 3572 τοῦ
1327 3531 1401 3572 τοι.

292 3601 403 3674 Ἔστι
422 3602 455 3674 δὲ
477 3603 521 3675 τὸ
543 3605 601 3688 μὲν
620 3605 736 3692 Κύμης
753 3607 855 3692 ὄνομα
872 3609 989 3706 κύριον·
1016 3609 1059 3682 τό
1077 3610 1146 3710 γὰρ
1163 3615 1217 3686 ε’τί
1233 3623 1293 3700 τῆς
1309 3613 1403 3710 ἀξίας

297 3719 396 3801 μόνος
413 3719 493 3813 (sie)
507 3719 559 3790 διὰ
576 3729 637 3791 τοῦ
653 3753 714 3793 τοο
730 3726 888 3810 κλίνεται,
901 3725 970 3796 οἷον
985 3726 1139 3810 κόμητος.
1173 3729 1227 3802 Τό
1244 3731 1279 3804 δὲ
1294 3734 1403 3830 κύριον

297 3835 408 3931 εύρέθη
422 3833 518 3929 διχῶς
530 3836 716 3920 κλινόμενον
729 3837 820 3934 ταρὰ
833 3850 904 3918 τοῖς
917 3841 1078 3940 ἆρχαίοις,
1092 3841 1162 3916 οἷον
1174 3845 1335 3930 Κόμητος
1347 3850 1401 3919 καί
1412 3875 1451 3930 30

299 3948 429 4032 Κόμου.
465 3948 519 4020 Τό
537 3948 571 4020 δὲ
588 3952 665 4044 γύης
681 3953 755 4024 ἔστι
774 3950 918 4052 Ι’μὲν-ρον
936 3957 1082 4056 ιἰρότρου
1097 3957 1183 4030 κατὰ
1198 3959 1374 4036 Ἡσίοδον.

362 4061 418 4135 Τὰ
443 4067 486 4142 είς
509 4095 553 4136 nx
575 4067 745 4162 βαρύτονα
771 4069 966 4142 στουδειακὰ
993 4077 1036 4150 εἰς
1058 4075 1119 4158 τὴν
1142 4105 1182 4146 οτ
1206 4075 1401 4174 δίφθογγον

299 4181 412 4278 ἔχουσι
438 4181 497 4265 την
523 4183 657 4275 γενικὴν,
683 4181 753 4258 οίον
777 4185 914 4284 Χρύσης
936 4188 1087 4287 Χρύσου,
1112 4189 1236 4290 Ξέρξης
1261 4191 1400 4292 Ξέρξου,

381 4426 398 4471 ¹¹
412 4433 507 4506 μέτρου
521 4455 546 4488 τι
559 4437 607 4506 γῆς
620 4436 660 4488 καὶ
674 4436 751 4508 μέρος
765 4438 875 4512 ἀρότρου
890 4440 980 4514 Etym.
997 4441 1036 4496 M.
1051 4459 1077 4498 υ.
1093 4442 1163 4498 infra
1175 4461 1203 4517 p.
1215 4455 1266 4518 47,
1277 4443 1325 4502 26.
