2972 5014
406 305 474 366 ΕΙΣ
495 304 552 366 ΤΟ
574 305 868 368 ΟΝΟΜΑΤῙΚΟΝ.
1122 315 1185 386 375

63 469 237 570 Πάριδος
262 470 456 566 διδασκαλίᾳ
480 477 718 559 μεμαθήκαμεν,
736 472 825 546 διατί
848 471 891 548 τό
916 473 977 557 τίς,
993 477 1122 548 ότλούν
1138 471 1186 556 όν,

62 599 176 660 ποιεῖ
191 588 360 687 οὐδετέρου
375 590 717 686 παρασχηματισμόυ.
768 589 903 661 Τούτων
916 587 1017 666 ούτως
1033 587 1186 686 ἑχόντων,

66 705 131 778 δεῖ
147 708 316 798 γινώσκειν
333 705 387 778 ότι
405 706 470 778 εἰσί
484 735 558 778 τινα
576 707 618 784 είς
644 735 655 778 1
681 709 832 799 λὴγοντα
855 703 1010 802 οὐδέτερα
1026 713 1186 797 μονογενῆ

68 820 292 906 πεπονθότα,
309 818 396 920 ἅπερ
413 819 534 894 ἀκλιτα
555 822 648 908 είσίν,
666 819 736 894 οἷον
752 820 795 895 τό
819 821 919 921 ἀλφι,
936 821 1020 919 ὅπερ
1041 819 1109 893 ἀπό
1126 828 1188 894 τοῦ

70 935 237 1034 ἄλφιτον
254 937 373 1031 γέγονε
397 935 483 1010 κατὰ
509 938 690 1021 ἀποκοπὴν,
707 939 760 1010 καί
785 936 828 1011 τό
854 939 913 1037 ἔρι,
931 937 1015 1035 ὅπερ
1041 935 1109 1010 ἀπό
1125 943 1188 1010 τοῦ
1197 967 1213 1026 5

70 1055 173 1150 ἔριον
191 1054 310 1148 γέγονε
326 1054 443 1138 ὁμοίως
458 1050 544 1126 κατά
562 1053 744 1140 ἀποκοπὴν,
761 1055 813 1125 καί
829 1052 873 1127 τό
888 1084 956 1140 κει,
975 1052 1182 1150 [11.ε’.196.]

248 1181 291 1252 ’κρῖ
303 1181 396 1235 λευκόν
409 1179 578 1253 ἐρεπτόμενον
590 1180 632 1234 καί
645 1178 751 1252 ὀλύρας,

73 1291 170 1388 ὅπερ
183 1289 252 1364 ἀπό
268 1298 330 1364 τοῦ
345 1301 477 1389 κρῖμνον
494 1291 632 1384 γέγονεν
647 1290 764 1373 ὁμοίως
779 1288 866 1362 κατὰ
882 1290 1066 1375 ἀποκοπὴν,
1077 1290 1131 1363 καί
1143 1289 1187 1363 τό

73 1407 206 1506 τρόφι,
224 1407 243 1480 δ
260 1409 405 1492 σημαίνει
423 1405 466 1478 τό
483 1405 645 1504 ἀτραφές,
663 1404 854 1505 (εύτραφές)
887 1413 942 1499 [11.
958 1407 1003 1479 λ’.
1020 1407 1112 1501 307.]

250 1537 358 1590 πολλῶν
371 1534 401 1590 δέ
413 1534 493 1606 τρόφι
507 1536 574 1604 κῦμα
586 1531 741 1598 κυλίνδεται,
1200 1560 1236 1600 10

78 1633 155 1708 ἀπό
180 1643 242 1708 τοῦ
265 1637 436 1736 τρόφιμον
458 1636 578 1730 γέγονε
599 1631 685 1708 κατά
707 1635 890 1720 ἀποκοπὴν.
942 1636 1061 1710 Ταῦτα
1081 1635 1188 1720 μὲνέν

77 1753 229 1831 τούτοις.

133 1869 267 1944 Ἰστέον
284 1869 319 1944 δέ
340 1870 395 1944 ότι
418 1879 441 1912 “
454 1868 626 1968 ούδέτερα”
643 1867 839 1967 πρόσκειται
862 1869 895 1940 έν
913 1872 962 1959 τῷ
983 1867 1100 1953 κανόνι,
1119 1868 1188 1943 οίον

79 1984 130 2059 τά
149 1990 220 2065 είςι
242 1991 394 2080 λὴγοντα
419 1985 571 2084 οὐδέτερα
595 1984 648 2058 διὰ
672 1991 734 2058 τοῦ
758 2015 819 2058 'ros
841 1985 1018 2068 κλίνονται,
1040 1983 1121 2058 αύτό
1144 1983 1187 2058 τό

81 2103 134 2186 όν,
158 2104 196 2174 ού
219 2101 303 2200 πρός
328 2101 583 2186 ἀντιδιαστολὴν
607 2102 780 2199 ἀρσενικῶν
804 2099 823 2183 ὴ
844 2104 1000 2188 θηλυκῶν,
1018 2098 1061 2174 τό
1083 2099 1151 2200 γάρ
1174 2123 1236 2186 115

83 2221 143 2292 ούκ
160 2221 234 2292 ἔστι
251 2216 381 2292 τελικὸν
398 2221 474 2290 ούτε
490 2218 663 2317 ἀρσενικῶν
679 2218 758 2289 ούτε
775 2220 926 2300 θηλυκῶν.

138 2346 159 2378 “
170 2335 230 2429 Τῷ
247 2335 359 2420 μέλιτι
376 2333 420 2406 τό
435 2334 512 2418 μέλι
529 2333 657 2418 ιδμέλι.
701 2329 760 2404 To}
776 2331 894 2417 μέλιτι
908 2339 981 2402 τοῖν
996 2332 1190 2416 μελίτοινιδ

84 2453 213 2537 μέλιτι.
264 2449 320 2523 Τά
344 2452 466 2537 μέλιτα
491 2456 556 2524 τῶν
580 2449 723 2535 μελίτων
738 2457 809 2526 τοῖς
830 2447 944 2531 μέλεσι
960 2444 1006 2519 τά
1022 2449 1191 2534 ’μέλεταιό

85 2568 242 2654 nemra?

530 2761 667 2860 [Κκαδυ
686 2763 742 2856 τ’.]
1199 2799 1237 2840 ιο

140 2914 270 2988 Ἰστέον
294 2912 329 2987 δέ
354 2915 408 2988 ότι
434 2914 515 2987 όσον
539 2912 625 2986 κατά
651 2913 712 2996 τὴν
736 2908 833 3006 τόξιν
857 2917 923 2984 τῶν
947 2914 1120 3010 στοιχείων
1144 2913 1188 2986 τό

8 3053 34 3106 ἐπ
50 3059 72 3102 a
89 3040 280 3104 τελευταῖον
295 3030 419 3128 ὤφειλε
440 3029 610 3119 διαλαβεῖν
632 3028 708 3128 περὶ
733 3032 798 3101 τῶν
819 3030 862 3106 είς
878 3058 897 3100 τ
914 3028 1085 3121 ληγόντων
1102 3027 1190 3102 ούδε-

90 3148 199 3246 πέραν,
217 3146 325 3232 ἐπειδὴ
341 3155 531 3220 τελευταῖον
547 3145 622 3217 έστί
638 3143 682 3218 τό
700 3173 720 3218 τ
735 3145 789 3216 καί
805 3151 868 3218 τοῦ
884 3175 902 3216 ιν
918 3146 971 3216 καί
989 3152 1051 3218 τοῦ
1068 3177 1098 3233 ε,
1110 3149 1189 3222 ἀλλ’

90 3263 197 3347 ἐπειδὴ
222 3269 346 3362 φωνῆεν
370 3262 471 3346 ε’στίν,
498 3260 542 3334 τά
569 3260 603 3333 δέ
628 3265 798 3358 φωνὴεντα
822 3263 1002 3360 τιμιιύτερα
1032 3264 1096 3334 είσί
1125 3269 1190 3336 τῶν

92 3383 279 3478 συμφώνων,
297 3377 348 3452 διά
365 3385 469 3452 τοῦτο
490 3376 558 3476 πρό
579 3384 645 3450 τῶν
662 3381 704 3456 είς
720 3379 896 3475 σύμφωνον
913 3379 1085 3472 ληγόντων
1102 3378 1190 3452 ούδε-
1201 3411 1216 3449 2
1219 3407 1236 3468 5

93 3497 190 3593 τέρων
207 3491 423 3584 διαλαμβάνει
449 3496 524 3593 περί
549 3499 615 3568 τῶν
632 3497 675 3572 είς
693 3525 722 3578 τ,
739 3491 895 3595 κανονίζει
914 3493 948 3567 δέ
970 3493 1053 3567 αύτά
1078 3494 1188 3574 οὕτως·

92 3611 136 3686 τά
153 3615 193 3690 είς
209 3641 229 3684 τ
244 3616 396 3706 λὴγοντα
413 3610 578 3709 οὐδέτερα,
596 3609 751 3694 δηλονότι
774 3619 946 3703 μονογενῆ,
962 3614 992 3683 εί
1006 3609 1065 3695 μέν
1082 3617 1193 3709 μακρᾷ

95 3732 355 3826 παραλύγοιται,
381 3726 434 3800 διὰ
463 3733 527 3800 τοῦ
557 3755 619 3799 εον
648 3727 825 3810 κλίνονται,
852 3724 921 3800 οίον
946 3725 1033 3800 ἄστυ
1060 3725 1191 3812 ἄστεος,

96 3849 161 3916 πιῖύ
183 3843 285 3920 πῶεος
303 3841 462 3928 (σημαίνει
481 3843 515 3914 δὲ
531 3841 574 3916 τό
591 3844 768 3938 ποίμνιον)
795 3843 1014 3928 σεσημείωται
1039 3841 1083 3916 τό
1109 3841 1193 3918 νόπυ

97 3955 218 4043 νότυος,
242 3958 296 4030 ότι
321 3964 431 4056 μακρᾷ
457 3958 744 4057 τοροληγόμενον,
762 3959 831 4031 οῖον
851 3961 892 4038 ὡς
912 3957 1005 4058 παρὰ
1028 3959 1240 4058 ’Apum-30

97 4072 199 4173 φόνει,
222 4080 299 4166 [Eq.
317 4075 407 4166 628.]

252 4201 373 4274 κᾶβλεψε
387 4199 494 4275 νότυ[ἳ]
512 4201 553 4257 καὶ
565 4201 599 4256 τὰ
611 4199 717 4272 μέτωπα
730 4201 889 4269 ἀνέσπασεν,

98 4304 148 4374 ούκ
171 4303 282 4388 ἐκλίθη
307 4301 359 4376 διὰ
384 4311 446 4376 τοῦ
472 4333 543 4388 τοι,
566 4301 657 4375 ἀλλὰ
684 4302 736 4376 διὰ
760 4310 823 4375 τοῦ
847 4334 877 4386 τ,
902 4303 1062 4394 (σημαίνει
1089 4301 1191 4376 δὲτὸ
