2982 5022
23 327 39 372 ι.
48 306 79 372 α’.
411 309 478 370 ΕΙΣ
500 309 556 370 ΤΟ
578 309 872 371 ΟΝΟΜΑΤΙΚΟΝ.
1148 319 1187 388 27

95 482 161 574 νευ)
185 482 206 550 6
234 478 313 562 Θιῐς,
331 485 393 550 τοῦ
418 478 483 562 θᾶ,
510 477 627 569 (ὄνομα
651 477 685 550 δὲ
700 479 833 576 κύριον,)
856 476 997 561 δΧνᾶς,
1013 484 1076 550 τοῦ
1099 475 1187 550 Χνᾶ·

94 593 206 689 (οὕτως
223 594 260 666 δὲ
275 594 416 687 ἕλε’γετο
432 595 451 664 6
468 592 633 690 Ἀγήνωρ,
651 593 725 666 ὅθεν
737 595 790 664 καί
808 597 826 676 ἧ
843 593 976 677 Φοινίκη
989 593 1103 691 όχνᾶ·)
1119 591 1189 666 οίον

94 711 110 780 6
127 713 207 794 Δᾶς,
224 717 287 782 τοῦ
304 711 369 780 Δᾶ·
397 708 514 801 (ὄνομα
532 708 685 781 δὲταῦτα
706 714 886 804 ποταμοῦ,)
902 711 921 780 6
939 709 1021 793 Βᾶς,
1037 717 1100 782 τού
1121 709 1188 780 BE·

97 827 296 924 (ἱστορεῖται
313 824 347 897 δὲ
363 825 460 902 ούτος
475 824 632 912 βασιλεύς
650 823 811 920 Πόντου.)
844 823 898 897 Τό
916 823 950 896 δὲ
966 827 1040 908 τᾶς,
1057 826 1117 898 ὅτε
1131 823 1190 910 μὲν

94 943 163 1014 ε’στί
188 940 448 1040 προσηγορικὸν,
465 942 518 1013 καί
541 943 687 1026 σημαίνει
711 939 773 1013 τόν
794 941 935 1038 πατέρα,
953 941 1112 1038 ἀποβολῇ
1128 949 1215 1030 τοῦ5

96 1088 113 1128 x
135 1059 303 1142 ποιεῖτὴν
324 1059 460 1153 γενικὴν,
477 1054 546 1130 οίον
570 1064 632 1130 τοῦ
656 1060 716 1128 τᾶ·
742 1057 802 1129 ότε
823 1055 858 1128 δὲ
879 1057 1031 1130 ἐπίθετον
1047 1059 1120 1130 ἐστὶ
1137 1059 1191 1130 καί

96 1176 238 1259 σημαίνει
251 1175 445 1272 τριγίνειαν,
461 1171 540 1257 αίον,
557 1177 623 1252 τᾶς
638 1170 819 1272 ἅνθρωπος,
836 1175 931 1244 πᾶσα
949 1173 1039 1267 γυνη,
1055 1175 1108 1245 καί
1124 1177 1191 1246 πᾶν

95 1290 231 1376 ταιδίον,
251 1289 304 1362 διὰ
320 1297 383 1363 τοῦ
399 1321 442 1363 αα
456 1291 613 1378 κλίνεται,
631 1287 700 1362 οίαν
722 1287 858 1374 παντὸς,
875 1287 959 1386 πρὸς
981 1287 1050 1388 γὰρ
1071 1289 1192 1389 διόφο·

94 1437 149 1503 ρον
164 1406 402 1492 σημαινόμενον
418 1407 546 1484 εἰκότως
561 1406 614 1477 καί
636 1408 655 1488 ἡ
670 1405 777 1483 κλίσις
794 1401 956 1503 διάφορος
972 1407 1104 1500 γέγονε.
1144 1405 1195 1478 Εί

96 1523 127 1594 δὲ
141 1521 313 1618 όξύνονται
330 1520 375 1595 τὰ
392 1524 435 1600 είς
452 1551 492 1594 ατ
508 1515 761 1609 μονοσύλλαβα,
780 1521 1100 1620 περιττοσυλλόβως
1120 1524 1193 1595 κλί-
1206 1555 1241 1596 ιο

95 1669 212 1722 νονται,
239 1638 399 1710 τουτέστι
423 1637 582 1734 περιττὴν
608 1637 782 1724 συλλαβὴν
806 1638 938 1734 ἔχουσιν
965 1640 1061 1735 ἔντη
1085 1645 1194 1734 γενικῇ

97 1763 151 1838 τῆς
174 1755 308 1837 εύθείος,
326 1749 394 1824 οίον
410 1751 488 1841 Ζὰς,
505 1750 641 1836 Ζόυτος,
658 1753 819 1846 (σημαίνει
840 1753 875 1825 δὲ
898 1752 959 1826 τόν
976 1752 1069 1852 Διό,)
1087 1752 1194 1852 Πρᾶς,

33 1891 61 1952 41
74 1869 266 1968 δΠραντός,
286 1867 403 1958 (ὄνομα
421 1867 455 1940 δὲ
470 1875 573 1940 τοῦτο
590 1869 742 1967 πόλεως,)
761 1868 854 1948 Φθίας
879 1869 1058 1968 φθαντδςθ,
1076 1871 1195 1962 (ὄνομα

100 1987 253 2060 δὲταῦτα
275 1986 408 2084 κύριον)
430 1989 534 2056 τοῦτο
552 1983 622 2084 γὰρ
637 1984 723 2058 κατὰ
746 1987 807 2070 ’τίην
824 1987 949 2080 γενικὴν
965 1985 1194 2086 παροξύνεται,

99 2109 193 2196 ἤγουν
209 2099 279 2198 πρό
296 2103 372 2184 μιᾶς
395 2105 458 2173 τού
481 2100 597 2178 τέλους
620 2102 688 2198 ἔχει
713 2102 774 2185 τίην
791 2101 909 2197 ὀξεῖαν,
925 2105 1013 2187 πλίην
1032 2110 1093 2176 τοῦ
1117 2101 1195 2200 κρδς
1208 2135 1241 2196 15

98 2218 224 2316 κρατός,
242 2217 389 2300 σημαίνει
413 2214 449 2288 δὲ
469 2217 530 2299 τίην
545 2221 704 2314 κεφαλήν·
731 2223 834 2290 τοῦτο
857 2217 893 2290 66
913 2217 965 2290 διὰ
982 2219 1083 2303 μόνον
1098 2223 1196 2290 τοῦτ

98 2335 214 2418 ε’κλίθη,
232 2337 299 2406 τῶν
320 2327 432 2402 ἄλλων
447 2329 710 2420 μονοσνλλόβων
726 2331 886 2428 ὀξυτόνων
902 2332 955 2406 διὰ
971 2341 1034 2415 τού
1059 2365 1101 2407 αα
1125 2343 1197 2407 κλι-

101 2447 246 2543 θέντων]

540 2562 681 2655 [Rauda
699 2564 754 2659 κ’.]

147 2679 203 2753 Τὰ
220 2683 265 2757 είς
288 2707 328 2750 αι
353 2675 498 2776 καθαρόν
514 2681 663 2765 ὀνόματα
684 2671 873 2771 δισύλλαβα
889 2685 1059 2782 βαρύτονα
1075 2713 1246 2781 μακρο-αο

101 2796 292 2880 κατόληκτα
308 2794 352 2877 μη
369 2791 438 2864 ἀπὸ
455 2795 601 2893 Δωρίδος
626 2795 797 2868 διαλέκτου
820 2795 901 2880 μηδὲ
923 2796 1008 2870 κατὰ
1029 2798 1199 2880 ποιητικὴν

102 2911 206 2984 ι’ίδειαν
224 2912 317 2995 ὄντα,
334 2905 385 2979 διὰ
403 2915 466 2979 τού
490 2939 533 2982 τις
552 2913 730 3000 κλίνονται,
748 2909 817 2984 οίον
833 2912 920 2990 Α’ίας
935 2912 1094 2998 Αίαντος,
1109 2912 1200 2992 Θόας

103 3029 261 3110 θόαντος,
325 3025 380 3102 ἀς
396 3024 549 3110 Βίαντος,
576 3029 685 3126 Δρύας
714 3028 895 3126 Δρύαντος,
926 3027 1006 3124 (εἰσί
1031 3028 1065 3102 δὲ
1090 3037 1199 3104 ταῦτα

103 3147 189 3244 κύρια
206 3145 382 3239 όνόματα,)
398 3141 481 3221 Ὗός
495 3139 648 3230 ’Υόντος,
661 3142 812 3234 (Ύόντες
825 3144 859 3216 δὲ
869 3145 1028 3238 λέγονται
1042 3147 1075 3216 οἱ
1087 3176 1201 3219 κατοι-

104 3271 227 3342 κοῦντες
243 3263 304 3346 τίην
320 3259 511 3354 Βοιωτίαν)
532 3259 746 3343 σεσημείωται
763 3257 807 3331 τδ
823 3258 918 3346 λαάς,
934 3267 1038 3334 ’τοῦτο
1055 3258 1201 3358 γὰρ’ότε
1211 3287 1246 3348 ας

105 3381 158 3460 μίν
173 3381 250 3452 ἐστι
263 3380 370 3477 κύριον
386 3379 562 3449 ἀντίκειται
579 3379 627 3466 τῷ
645 3375 761 3459 κανόνι,
775 3378 817 3454 είς
830 3406 872 3447 κα
885 3372 954 3474 γόρ
967 3377 1042 3448 ἐστι
1058 3375 1201 3472 καθαρὸν

105 3495 203 3580 ὄνομα
221 3495 428 3584 δισύλλαβον
445 3493 630 3591 βαρύτονον
645 3489 769 3589 μακρόν
784 3492 863 3588 ἕχον
882 3489 926 3562 τὸ
944 3521 975 3573 κ,
992 3491 1044 3561 καί
1063 3490 1148 3574 ὅμως
1164 3491 1202 3561 ού

104 3613 245 3686 κλίνεται
263 3609 316 3684 διδ
331 3617 394 3684 τού
410 3640 462 3692 ατ,
479 3609 558 3680 ἀλλ’
572 3605 807 3695 ίσοσυλλόβως
823 3607 984 3701 ιἰατοβολῇ
999 3611 1061 3678 τού
1079 3635 1098 3678 τ
1114 3615 1205 3678 ποιεῖ

104 3729 160 3812 τίην
181 3728 321 3822 γενικὴν,
343 3723 412 3798 οἷον
429 3727 448 3796 6
466 3721 563 3801 Λείας
581 3729 644 3794 τοῦ
660 3719 753 3806 Λόα,
771 3734 792 3765 “
806 3717 887 3794 Λύαι
910 3724 986 3820 περὶ
1002 3725 1103 3796 λίθων
1120 3730 1203 3817 γλυ-

107 3848 197 3942 φης·”
228 3845 339 3939 (οὗτος
355 3842 390 3914 δὲ
404 3839 617 3936 λιθογλύφος
641 3839 704 3934 ἦν’)
731 3838 790 3909 ὅτε
807 3836 843 3909 δέ
857 3841 931 3912 ἐστι
955 3839 1251 3938 προσηγορικδν30

108 3963 158 4033 ούκ
173 3961 354 4034 ἀντίκειται
371 3964 421 4049 τῷ
436 3956 554 4028 κανόνι·
571 3955 833 4040 συνεσταλμένον
849 3953 917 4052 γὰρ
934 3955 1002 4052 ἔχει
1019 3954 1063 4028 τό
1077 3986 1109 4042 ιι,
1122 3953 1192 4027 οἷον

347 4077 412 4133 λύον
425 4072 537 4143 όνωδίηα.

111 4189 175 4262 Καὶ
196 4187 330 4274 λοιπόν,
347 4191 387 4267 ὡς
403 4186 591 4260 σνστελλον
607 4183 650 4256 τό
674 4213 706 4266 κ,
727 4184 783 4254 ούκ
805 4184 1006 4267 ἡκολούθησε
1027 4189 1077 4275 τῷ
1097 4183 1203 4254 κανόνι

112 4308 224 4400 τούτῳ·
242 4307 261 4378 6
290 4301 359 4403 γὰρ
375 4303 476 4377 κανόν
492 4299 567 4398 περί
584 4305 649 4372 τῶν
666 4299 808 4398 ἐχόντων
824 4299 867 4374 τὸ
884 4331 905 4372 κ
922 4296 1046 4398 μακρὸν
1065 4298 1204 4384 διαλαμ-

471 4445 485 4477 ⁰
499 4433 534 4491 In
547 4453 638 4510 marg.
653 4432 734 4491 οὕτως
748 4432 831 4506 ιύρον.

632 4549 653 4592 Ε
671 4545 690 4594 2
