2982 5022
499 343 822 404 τιτοκοτονιονικ.
1174 357 1212 422 19

109 547 170 598 μεν
193 516 231 586 τί
259 516 334 586 ἐστι
364 513 474 596 κανων,
502 511 553 584 καί
583 513 620 582 τί
648 513 740 584 ἐστιν
766 511 946 605 εἰσαγωγὴ,
973 510 1026 582 καί
1056 513 1094 582 τί
1120 512 1214 582 ἐστιν

110 635 265 715 ἐπιτομῆ.

164 747 283 818 Κανιδν
303 748 410 818 τοίνυν
432 749 505 818 ἐστι
528 745 635 838 λόγος
656 745 816 842 ἔντεχνος,
834 745 1012 818 ἀπευθύνων
1029 745 1214 828 ὁμοιότητα

110 863 197 960 πρὸς
215 863 259 936 τό
278 864 423 936 καθόλου
446 862 489 935 τό
513 861 770 960 διεστραμμένου
795 866 860 933 τῶν
887 859 1014 956 λέξεων·
1045 861 1214 943 τουτέστι,

110 981 219 1074 λόγος
251 979 339 1065 μετὰ
371 983 487 1078 τέχνης
516 979 568 1052 διὰ
602 984 667 1052 τῶν
700 978 820 1061 ὁμοίων
849 978 898 1048 ἐπ’
929 977 1047 1055 εὐθείας
1076 975 1166 1069 ἄγων
1195 977 1240 1061 δηὸ

112 1097 262 1195 ἐλέγχων
284 1095 368 1195 πρός
390 1096 435 1168 τὰ
460 1099 597 1168 πλείονα
622 1101 687 1170 τῶν
710 1094 972 1193 διεστραμμένων
993 1095 1045 1166 καί
1069 1099 1215 1194 ἡμαρτη-

112 1213 213 1294 μένων
234 1219 301 1286 τῶν
323 1213 449 1308 λέξεων·
477 1212 522 1284 τὰ
546 1211 614 1310 γὰρ
635 1212 772 1282 πλείονα
793 1216 859 1282 τῶν
876 1211 1062 1283 ἐλαττόνων
1078 1212 1213 1290 κανόνες.

113 1328 305 1423 Είσκιγωγῆ
321 1329 357 1400 δέ
371 1331 463 1401 ἐστιν
479 1329 636 1422 όδὴγησις
651 1333 716 1400 τῶν
732 1326 845 1420 λόγων
862 1325 931 1398 ἆπδ
947 1333 1012 1400 τῶν
1028 1327 1214 1400 ἐλαττόνων

111 1446 167 1515 ε’τί
184 1443 230 1516 τό
245 1478 298 1530 μεν
324 1478 392 1518 ova.
426 1445 597 1530 Ἐπιτομὴ
616 1443 652 1514 δέ
673 1445 746 1514 ἐστι
769 1444 932 1528 σύντομος
947 1449 1012 1515 τῶν
1028 1445 1215 1542 κεφαλαίων

37 1573 70 1656 38
84 1561 307 1658 απαρόδοσις,
337 1563 355 1646 ’ἦ
389 1562 546 1656 διήγησις.
599 1560 717 1632 Ταῦτα
747 1560 866 1658 ἔχομεν
895 1563 995 1634 εἰπεῖν
1025 1561 1057 1634 ἐν
1091 1570 1215 1660 προλε-
1228 1587 1262 1628 ιο

113 1681 275 1772 γομένοις.

1259 1745 1387 1868 ςιιγςΐιῖ
1401 1725 1416 1794 ί
1431 1728 1476 1812 NJ

317 1841 478 1914 Ἰοίνιιοπ
496 1850 730 1914 mmmmm&
745 1849 806 1914 τοί
822 1843 1007 1914 κίεκκοτδ.
1044 1843 1048 1852 ’

690 1984 698 2008 2
759 1987 768 2010 2

159 1986 293 2057 Ἰστέον
313 1985 367 2054 ὅτι
392 1981 438 2055 τὰ
464 1980 636 2075 ἐγκλιτικίι
662 2015 717 2054 ουκ
739 1985 820 2055 εισίν
840 1986 873 2055 έν
897 1995 969 2062 τοῖς
990 1985 1075 2058 όκτιδ
1100 1987 1214 2084 μέρεσι

114 2110 173 2174 τοῦ
202 2104 321 2195 λόγου,
346 2097 424 2171 ἁλλ’
448 2102 480 2170 ἐν
505 2101 613 2171 πέντε·
645 2100 795 2183 όνόμασι,
820 2104 972 2196 ῥήμασιν,
998 2102 1214 2185 ἆντωνυμίαις,

114 2220 326 2317 ἐπιρρήμασι,
339 2215 538 2300 συνδέσμοις.
563 2215 633 2286 Καί
650 2217 687 2286 οό
703 2221 800 2286 πᾶσα
817 2213 905 2310 λέξις
918 2217 950 2285 έν
963 2217 1094 2294 τούτοις
1106 2219 1216 2310 ἐγκλί-
1229 2251 1261 2309 15

116 2367 216 2420 νεται,
241 2337 318 2406 ἀλλ’
345 2333 556 2432 εὖαρίθμητοί
583 2335 657 2415 εἶσι,
683 2333 735 2404 καί
762 2337 827 2404 τῶν
853 2334 884 2404 έν
910 2329 1061 2411 ἐκόστοις
1084 2335 1216 2433 μέρεσιν

115 2449 368 2550 ὀνομαζομένων.
404 2449 487 2520 Eia}
526 2448 589 2520 ἐέν
606 2459 677 2527 τοῖς
694 2450 932 2543 ἐγκλινομένοις
954 2450 1027 2524 τινὰ
1052 2451 1215 2552 διάφορον

115 2566 348 2651 σημαινόμενον
370 2565 595 2663 ἀνεφαίνοντο
621 2567 654 2637 ἐν
676 2572 725 2656 τῷ
746 2568 998 2664 όρθοτονεῐσθαι
1024 2567 1076 2639 καί
1103 2571 1216 2662 ἐγκλί-

116 2687 238 2754 νεσθαι.

161 2799 438 2896 Ὀρθοτονεῖσθιιι
460 2797 519 2879 μέν
536 2803 656 2894 φαμεν,
674 2797 733 2870 ὅτε
749 2797 808 2872 τδν
825 2797 994 2895 ἆνόλογον
1010 2801 1095 2873 κατὰ
1114 2803 1215 2900 φύσιν
1227 2835 1264 2874 οο

114 2918 212 2988 τόνον
229 2913 407 3014 φυλάττει·
442 2917 650 3008 ἐγκλίνεσθαι
672 2915 716 2998 δέ,
734 2916 792 2988 ὅτε
813 2914 874 2988 τόν
896 2917 994 2990 τόνον
1017 2917 1214 3020 ἀναβιβάζει

115 3038 156 3127 τῇ
182 3031 252 3129 πρὸ
277 3035 381 3103 αὐτῶν
405 3030 504 3128 λέξει,
531 3035 570 3110 ὡς
595 3029 675 3104 ἆτδ.
689 3037 887 3132 μεταφορᾶς
911 3038 977 3104 τῶν
1001 3034 1216 3128 έγκλινόντωυ

116 3151 234 3218 ἑαυτῶν
251 3147 297 3219 τὰ
315 3151 455 3231 σώματα
475 3151 529 3220 ἐπί
552 3147 596 3220 τὰ
615 3149 733 3220 ὀπίσω.
768 3148 838 3219 Καὶ
857 3150 968 3220 ίστέον
985 3150 1037 3222 ὅτι
1059 3149 1104 3222 τὰ
1127 3153 1216 3222 ἕνεκα

116 3265 279 3362 διαφόρου
304 3265 538 3348 σημαινομένου
560 3263 731 3358 έγκλιτικὰ
755 3272 921 3350 καλοῦσιν,
940 3265 1009 3338 οἷον
1029 3267 1108 3350 ἐμοῦ
1126 3273 1216 3350 ἥκου-

116 3413 188 3469 σας,
206 3380 456 3467 ἂντιδιαστολίη,
474 3379 611 3463 ἥκουσός
632 3407 703 3464 μου·
737 3379 782 3454 τᾶ
805 3380 839 3452 δὲ
859 3382 919 3464 τίην
936 3383 1034 3465 αότέην
1051 3385 1261 3474 σημασίανος

117 3495 350 3594 φυλάττοντα,
371 3495 559 3594 ἐνεργητικᾶ
587 3495 771 3595 (ἐγερτικὰ)
794 3501 827 3568 οἱ
851 3499 979 3568 πολλοὶ
1004 3505 1141 3569 καλοῦσι
1163 3499 1215 3570 διὰ

117 3612 157 3684 τό
174 3614 311 3710 ἐγείρειν
327 3613 386 3696 τὴν
404 3609 470 3710 πρδ
491 3613 595 3683 αδτιῖιν
616 3611 722 3707 ὀξεῖαν
747 3612 799 3683 καί
825 3610 922 3696 μηδὲν
946 3611 1065 3708 (ἄλλο)
1089 3612 1214 3698 δηλοῦν.

112 3729 224 3814 Ὅμως
248 3727 281 3799 δέ
304 3735 412 3805 κοινῶς
433 3725 543 3800 πάντα
561 3728 731 3821 έγκλιτικὰ
750 3735 936 3801 καλοῦνται.
980 3728 1102 3803 Πόυτα
1121 3732 1154 3804 δὲ
1171 3732 1216 3805 τὰ

116 3847 328 3940 ἐγκλινόμενα
364 3845 450 3916 θέλει
483 3851 616 3942 πρῶτον
650 3847 907 3944 όρθοτονοόμενα
942 3848 1027 3944 ἔχειν
1057 3847 1164 3943 ὀξεῖαν
1198 3851 1216 3932 δη

117 3963 372 4062 περισπωμένην.
417 3963 604 4060 Βαριίτονος
630 3961 698 4061 γὰρ
723 3961 811 4056 λέξις
837 3961 993 4034 ου’δέποτε
1018 3965 1215 4057 ε’γκλίνεται,
1226 3997 1264 4055 30

117 4084 144 4151 εί
157 4083 202 4164 μὴ
219 4079 306 4150 κατὰ
324 4077 430 4156 πόθος
447 4080 492 4162 εἵη
510 4083 528 4163 ἦ
545 4082 675 4176 βαρεῖα,
693 4081 732 4156 ὡς
752 4076 794 4150 τό
818 4085 923 4178 σφᾶς,
939 4081 991 4150 καί
1014 4079 1088 4152 τινὰ
1112 4064 1215 4167 όλλα,

118 4199 190 4292 περὶ
214 4199 258 4268 ὧν
284 4193 532 4289 διαληφόμεθα.
572 4194 781 4294 Προηγεῐται
807 4193 841 4264 δὲ
865 4196 990 4266 τούτων
1014 4201 1080 4268 τῶν
1106 4198 1218 4290 ἐγκλι-

119 4315 252 4396 νομένων
279 4314 298 4396 ῗη
323 4309 617 4412 προταροξιῆουος
641 4311 741 4407 λέξις,
766 4312 845 4397 οἷον,
871 4310 1040 4410 ἄνθρωπός
1065 4345 1138 4397 μου,
1163 4314 1214 4384 καί

435 4497 450 4530 ⁸
466 4489 502 4543 V.
517 4489 633 4544 Bekker.
649 4487 750 4542 Aneod.
765 4505 792 4558 p.
809 4503 894 4559 1149.

643 4601 665 4642 D
683 4599 701 4646 2
