2958 5018
416 301 483 362 ΕΙΣ
504 301 560 362 ΤΟ
582 301 874 362 ΟΝΟΜΑΤῙΚΟΝ.
1130 316 1191 384 321

53 463 121 536 τὸ
145 494 173 536 n
190 467 227 536 έν
244 473 288 561 τῇ
303 474 423 563 γενική,
441 465 510 540 οίον
525 471 629 568 κέλωρ
645 471 795 567 κέλωρος,
813 469 972 563 (σημαίνει
991 469 1026 544 δὲ
1041 469 1101 542 τὸν
1118 471 1193 554 υίόν,

58 579 183 678 παρὰ
201 581 246 654 τῖι
263 585 475 680 κελεύεσθαι,)
492 587 603 685 πέλωρ
620 587 769 685 πέλωροε
787 588 820 678 (ὁ
836 587 950 680 μέγας,
967 584 1005 681 ἐξ
1021 586 1058 660 οθ
1078 588 1130 658 καί
1151 586 1193 659 τὸ

60 701 281 796 πελώριος.)
317 698 365 770 Εἰ
380 698 414 772 δὲ
429 702 474 786 μή
490 702 603 800 έχουσι
621 700 664 774 τὸ
682 731 713 782 Δ,
730 702 893 799 τρέπουσι
907 700 950 774 τῖι
968 733 989 776 ο
1006 705 1049 780 εἷς
1064 701 1107 774 τὸ
1125 733 1144 776 ο
1162 704 1194 774 έν

62 819 124 907 τῇ
167 819 293 908 γενικῇ,
326 811 396 886 οίον
433 815 574 916 Νέστωρ
608 818 795 916 Νέστορος,
830 816 973 916 Μέντωρ
1008 817 1194 915 Μέντορος,

55 928 228 1028 Ἕκτωρ
258 929 438 1029 Ἕκτορος,
471 937 600 1030 κτήτωρ
633 937 806 1031 κπήτορος,
841 935 980 1032 οἰκήτωρ
1012 935 1192 1032 οῖκήτορος.
1203 960 1219 1022 5

70 1047 152 1117 Δεῖ
170 1051 376 1144 προσθεῖναι,
389 1050 488 1146 χωρίς
505 1052 533 1121 εῖ
547 1051 593 1134 μή
608 1047 695 1122 κατὰ
712 1049 881 1134 ποιητικήν
897 1047 1005 1122 ἅθειαν
1019 1048 1193 1148 φυλάξουσι

68 1161 127 1235 τὸ
147 1193 173 1234 α
190 1164 226 1234 ῖν
241 1171 285 1258 τῇ
302 1171 418 1259 γενική,
436 1164 504 1238 οῖον
521 1169 560 1244 ὡς
577 1165 630 1236 έπί
648 1171 710 1237 τοῦ
730 1169 879 1262 μήστωρ,
896 1172 999 1238 τοῦτο
1017 1163 1193 1264 γὰρπαρὰ

70 1283 135 1369 τῷ
154 1287 281 1374 ποιητῇ
299 1279 352 1352 ἐπί
374 1279 432 1364 μέν
447 1287 510 1353 τοῦ
524 1281 631 1378 κυρίου
647 1282 809 1364 ὀνόματος
824 1282 938 1378 τρέπει
956 1279 998 1354 τὸ
1016 1309 1037 1352 ο
1054 1284 1097 1358 εἷς
1112 1279 1155 1354 τὸ
1174 1313 1192 1352 ο

74 1395 118 1466 εἰν
135 1401 184 1490 τῇ
204 1403 321 1491 γενικῇ,
339 1393 409 1470 οίον
431 1401 486 1492 [ΙΙ.
503 1396 549 1468 ω’.
570 1399 658 1489 ο57.]

258 1520 386 1594 Μήστορά
399 1521 422 1576 τ’
436 1522 561 1578 ἀντίθεον.
1206 1531 1242 1570 10

77 1623 144 1694 ἐπὶ
171 1621 208 1696 δὲ
231 1630 293 1696 τοῦ
317 1626 469 1698 ἐπιθέτου
496 1627 544 1698 ἇεῖ
571 1624 662 1724 παρὰ
685 1633 735 1718 τῷ
757 1631 878 1722 ποιητῇ
906 1625 1074 1724 φυλάττει
1099 1626 1142 1700 τὸ
1172 1658 1193 1698 ο

79 1741 120 1812 ἐν
151 1747 198 1833 τῇ
229 1749 346 1836 γενική,
376 1742 445 1814 οῖον
475 1752 497 1782 “
509 1747 684 1840 μήστωρας
714 1742 821 1824 ἆῢτιῖς,
850 1747 1004 1840 μήστωρε
1033 1743 1195 1840 φόβοιο.”

81 1852 246 1928 Τοιαῦτα
263 1856 297 1928 δὲ
314 1859 499 1954 εὑρίσκομεν
519 1859 570 1930 καῖ
596 1856 688 1932 ἄλλα
714 1857 806 1955 παρὰ
828 1868 900 1936 τοῖς
920 1859 1109 1942 Ἀθηναίοις
1131 1864 1194 1956 φυ-

81 1969 268 2044 λάττοντα
291 1971 334 2044 τὸ
358 2004 379 2044 α
402 1972 487 2045 κατὰ
510 1975 570 2056 τήν
590 1979 724 2066 γενικήν·
752 1971 821 2046 οἷον
838 1975 984 2072 ήλέκτωρ
1002 1976 1192 2072 ήλέκτωρος,

84 2086 125 2176 (ὁ
144 2085 262 2182 ήλιος,)
277 2087 415 2186 ταλοίωρ
439 2086 613 2186 παλείωρος
630 2087 686 2179 (τὸ
711 2088 838 2183 τόξον,)
856 2088 1044 2187 προπάτωρ
1061 2089 1194 2188 προποί-
1207 2113 1239 2173 15

85 2233 208 2300 πωροι.
252 2203 369 2276 Ταῦτα
387 2204 497 2278 πάντα
514 2205 668 2288 ποιητικοί
687 2209 761 2276 εἶσι.

145 2329 167 2360 “
181 2319 239 2391 Τῶ
262 2321 413 2417 Νέστορι
439 2327 488 2414 τῷ
513 2323 640 2419 κέλωρι,
657 2321 718 2394 τὸν
742 2321 905 2419 Νέστορα
929 2320 988 2394 τὸν
1013 2323 1192 2419 κέλωρα,ώ

91 2435 237 2534 Νέστορ
253 2439 280 2510 ιῖ
294 2438 408 2535 κέλωρ.
448 2437 507 2510 Τιῖ
526 2437 685 2534 Νέστορε
699 2439 748 2512 τώ
764 2438 896 2535 κέλωρε,
912 2449 985 2512 τοῖν
1003 2437 1040 2510 Ν
1041 2439 1193 2536 εστόροιν

92 2561 168 2622 τοῖν
185 2553 393 2649 κελώροιν,ώ
414 2553 572 2651 Νέστορε
593 2555 619 2626 θ
640 2556 769 2650 κέλωρε.
821 2555 869 2626 Οῖ
894 2554 1067 2652 Νέστορος
1088 2557 1120 2627 οῖ
1144 2556 1194 2628 κέ-

94 2676 207 2764 λωρες,
233 2675 299 2742 τῶν
329 2670 510 2767 Νεστόρων
539 2677 603 2744 τῶν
632 2675 787 2766 κελώρων,
818 2681 889 2748 τοῖς
917 2671 1092 2769 Νέστορσι
1122 2682 1241 2750 τοῖςοο

94 2784 245 2880 κέλωρσι,
277 2786 354 2862 τοὺς
388 2785 566 2884 Νέστορος
604 2786 680 2862 τοὺς
717 2787 868 2884 κέλωρας,
903 2789 929 2858 ὃ
962 2786 1134 2882 Νέστορος
1167 2788 1195 2858 οῖ

97 2901 258 2998 κέλωρες.”

524 3099 659 3191 [Κκυθμ
685 3101 762 3194 Διί]

150 3246 250 3340 Λέγει
275 3249 329 3322 ὅτι
352 3248 397 3322 τὰ
420 3253 463 3328 εἰς
484 3281 504 3320 υ
525 3254 675 3343 λήγοντα
693 3250 773 3346 ὑπὲρ
799 3251 876 3329 μίαν
893 3249 1066 3335 συλλαβήν
1082 3251 1122 3325 ὣς
1139 3249 1191 3320 ἐπὶ

100 3363 141 3436 τὸ
156 3371 316 3436 πλεῖστον
336 3363 388 3437 διὰ
411 3373 474 3437 τοῦ
497 3397 519 3437 11
543 3367 720 3451 κλίνονται,
738 3367 807 3437 οῖον
825 3362 982 3457 Κύκλωψ
1000 3363 1192 3446 Κύκλωπος,
1205 3395 1218 3433 2
1223 3393 1238 3451 5

102 3477 232 3572 Αἰθίοψ
249 3479 426 3564 Αἰθίοπος,
447 3480 582 3574 Πέλοψ
601 3481 771 3560 Πέλοπος.
814 3481 971 3578 Ἕχομεν
987 3477 1056 3576 γὰρ
1073 3479 1106 3548 έν
1122 3489 1193 3556 τοῖς
1233 3565 1239 3599 ι

104 3597 334 3692 προλαβοῦσιν,
352 3597 406 3670 ὅτι
437 3597 482 3668 τῖι
512 3601 554 3674 εἷς
580 3597 716 3670 θιπλοῡν
741 3604 893 3690 λήγοντα
918 3593 961 3666 τό
987 3600 1110 3692 φωνήεν
1135 3603 1193 3679 τῆς

105 3711 213 3786 εὐθείας
237 3713 274 3781 οὐ
297 3712 476 3808 τρέπουσιν
501 3716 544 3790 είς
569 3711 658 3783 ι’ίλλο
684 3718 807 3809 φωνῆεν
833 3715 864 3784 έν
889 3717 931 3806 τῇ
957 3713 1075 3795 κλίσει,
1102 3709 1191 3782 ἀλλὰ

107 3822 324 3920 φυλάττουσιν
342 3829 432 3899 αθτό·
461 3829 530 3900 οῖον
547 3827 672 3926 νάρθηξ
687 3827 851 3924 νάρθηκος,
870 3826 1004 3922 σκώληξ
1018 3830 1193 3914 σκώληκος,

24 3945 58 4006 61
77 3942 96 4006 b
109 3940 251 4036 Κιίκλωψ
264 3943 459 4024 Κύκλωπος·
479 3947 578 4042 χωρίς
590 3951 652 4016 τοῦ
662 3942 802 4039 ἀλώπηξ
809 3946 985 4022 ἇλώπεκος·
1003 3951 1106 4016 τοῦτο
1124 3943 1192 4042 γὰρ
1202 3975 1240 4030 30

108 4058 256 4154 ε’νμὲντή
275 4063 377 4152 εὐθείᾳ
395 4060 438 4133 τὸ
457 4092 479 4132 ιε
496 4063 575 4158 ἔχει,
592 4064 624 4132 έν
641 4060 676 4133 δέ
692 4069 733 4156 τῇ
753 4069 861 4157 γενική
876 4060 919 4133 τὸ
937 4091 967 4132 ιι.
1015 4059 1084 4130 Καὶ
1102 4061 1193 4131 ἀντι-

109 4175 234 4272 στρέφει
263 4175 297 4246 θέ
326 4179 345 4247 ὁ
375 4181 484 4249 κανών·
516 4177 646 4250 θῦνατοι
677 4175 745 4274 γάρ
775 4209 825 4255 τις
855 4181 954 4248 εἰπεῖν
984 4177 1037 4248 ὅτι
1068 4176 1119 4244 καὶ
1148 4174 1191 4246 τὸ

110 4295 227 4385 φωνῆεν,
244 4290 286 4362 τὸ
304 4293 336 4363 έν
352 4299 394 4386 τῇ
413 4300 520 4387 γενικῇ
538 4299 696 4366 τουτέστι
722 4295 774 4364 καί
800 4295 833 4364 έν
852 4297 894 4386 τῇ
919 4291 1034 4380 εὐθείᾳ,
1049 4291 1103 4360 ἐπὶ
1126 4295 1192 4362 τῶν

111 4407 146 4482 είς
160 4403 288 4480 ίιπλοιῖν
303 4409 485 4501 ληγόντων,
503 4406 571 4480 οίον
589 4414 607 4490 ή
625 4409 785 4486 Πέλοπος
803 4408 920 4502 γενική,
938 4403 990 4476 θιῖι
1007 4412 1068 4476 τοῦ
1086 4437 1105 4476 ο
1122 4407 1189 4502 ἔχει

618 4539 667 4587 Τί
