<?xml version="1.0" encoding="UTF-8"?>
<!DOCTYPE html PUBLIC "-//W3C//DTD XHTML 1.0 Transitional//EN"
    "http://www.w3.org/TR/xhtml1/DTD/xhtml1-transitional.dtd">
<html xmlns="http://www.w3.org/1999/xhtml" xml:lang="en" lang="en">
 <head>
  <title>
</title>
<meta http-equiv="Content-Type" content="text/html;charset=utf-8" />
  <meta name='ocr-system' content='tesseract 3.04.00' />
  <meta name='ocr-capabilities' content='ocr_page ocr_carea ocr_par ocr_line ocrx_word'/>
</head>
<body>
  <div class='ocr_page' id='page_1' title='image "./georgiichoerobo00choegoog/georgiichoerobo00choegoog_0546.png"; bbox 0 0 2972 5014; ppageno 0'>
   <div class='ocr_carea' id='block_1_1' title="bbox 1 289 1204 377">
    <p class='ocr_par' dir='ltr' id='par_1_1' title="bbox 1 289 1204 377">
     <span class='ocr_line' id='line_1_1' title="bbox 1 289 1204 377; baseline 0.032 -42"><span class='ocrx_word' id='word_1_1' title='bbox 1 289 40 370; x_wconf 58' lang='grc' dir='ltr'>,ς</span> <span class='ocrx_word' id='word_1_2' title='bbox 408 299 475 358; x_wconf 70' lang='lat' dir='ltr'>mx</span> <span class='ocrx_word' id='word_1_3' title='bbox 496 298 552 358; x_wconf 78' lang='grc' dir='ltr'>το</span> <span class='ocrx_word' id='word_1_4' title='bbox 575 297 869 358; x_wconf 79' lang='lat' dir='ltr'><strong>ONOMATIKON.</strong></span> <span class='ocrx_word' id='word_1_5' title='bbox 1085 299 1091 318; x_wconf 89' lang='lat'>&#39;</span> <span class='ocrx_word' id='word_1_6' title='bbox 1125 312 1204 377; x_wconf 82' lang='lat'>393.</span> 
     </span>
    </p>
   </div>
   <div class='ocr_carea' id='block_1_2' title="bbox 6 461 1241 3576">
    <p class='ocr_par' dir='ltr' id='par_1_2' title="bbox 57 461 1216 1027">
     <span class='ocr_line' id='line_1_2' title="bbox 57 461 1190 564; baseline -0.001 -28"><span class='ocrx_word' id='word_1_7' title='bbox 57 465 216 550; x_wconf 84' lang='grc' dir='ltr'>μήδους,</span> <span class='ocrx_word' id='word_1_8' title='bbox 234 464 485 564; x_wconf 74' lang='grc' dir='ltr'>Ἀριστοφάνης</span> <span class='ocrx_word' id='word_1_9' title='bbox 507 463 787 564; x_wconf 72' lang='grc' dir='ltr'>Ἀριστοφάνους.</span> <span class='ocrx_word' id='word_1_10' title='bbox 839 462 977 546; x_wconf 83' lang='grc' dir='ltr'>Ἐπειδή</span> <span class='ocrx_word' id='word_1_11' title='bbox 1003 461 1057 535; x_wconf 74' lang='grc' dir='ltr'>οὖν</span> <span class='ocrx_word' id='word_1_12' title='bbox 1081 471 1190 536; x_wconf 81' lang='grc' dir='ltr'>ταῦτα</span> 
     </span>
     <span class='ocr_line' id='line_1_3' title="bbox 59 577 1191 679; baseline 0 -27"><span class='ocrx_word' id='word_1_13' title='bbox 59 579 124 652; x_wconf 75' lang='grc' dir='ltr'>τὰ</span> <span class='ocrx_word' id='word_1_14' title='bbox 146 583 193 658; x_wconf 82' lang='grc' dir='ltr'>είς</span> <span class='ocrx_word' id='word_1_15' title='bbox 211 611 251 653; x_wconf 72' lang='lat' dir='ltr'>ox</span> <span class='ocrx_word' id='word_1_16' title='bbox 268 581 420 679; x_wconf 81' lang='grc' dir='ltr'>οὖδέτερα</span> <span class='ocrx_word' id='word_1_17' title='bbox 437 585 479 660; x_wconf 83' lang='grc' dir='ltr'>εἰς</span> <span class='ocrx_word' id='word_1_18' title='bbox 497 613 555 654; x_wconf 77' lang='lat'>012</span> <span class='ocrx_word' id='word_1_19' title='bbox 572 584 686 679; x_wconf 81' lang='grc' dir='ltr'>έχουσι</span> <span class='ocrx_word' id='word_1_20' title='bbox 705 583 765 666; x_wconf 85' lang='grc' dir='ltr'>τήν</span> <span class='ocrx_word' id='word_1_21' title='bbox 782 581 916 676; x_wconf 79' lang='grc' dir='ltr'>γενικήν,</span> <span class='ocrx_word' id='word_1_22' title='bbox 933 577 1002 652; x_wconf 81' lang='grc' dir='ltr'>οίον</span> <span class='ocrx_word' id='word_1_23' title='bbox 1018 577 1061 652; x_wconf 86' lang='grc' dir='ltr'>τό</span> <span class='ocrx_word' id='word_1_24' title='bbox 1078 591 1191 678; x_wconf 86' lang='grc' dir='ltr'>τεῖχος</span> 
     </span>
     <span class='ocr_line' id='line_1_4' title="bbox 60 693 1191 794; baseline 0 -25"><span class='ocrx_word' id='word_1_25' title='bbox 60 703 146 769; x_wconf 79' lang='grc' dir='ltr'>τοῦ</span> <span class='ocrx_word' id='word_1_26' title='bbox 180 698 319 794; x_wconf 88' lang='grc' dir='ltr'>τείχους,</span> <span class='ocrx_word' id='word_1_27' title='bbox 346 697 398 768; x_wconf 80' lang='grc' dir='ltr'>καί</span> <span class='ocrx_word' id='word_1_28' title='bbox 431 696 475 769; x_wconf 87' lang='grc' dir='ltr'>τδ</span> <span class='ocrx_word' id='word_1_29' title='bbox 506 698 607 786; x_wconf 90' lang='grc' dir='ltr'>βέλος</span> <span class='ocrx_word' id='word_1_30' title='bbox 636 704 698 770; x_wconf 81' lang='grc' dir='ltr'>τοῦ</span> <span class='ocrx_word' id='word_1_31' title='bbox 726 700 854 788; x_wconf 77' lang='grc' dir='ltr'>βέλους,</span> <span class='ocrx_word' id='word_1_32' title='bbox 880 694 1002 770; x_wconf 82' lang='grc' dir='ltr'>τόὄτου</span> <span class='ocrx_word' id='word_1_33' title='bbox 1025 693 1125 794; x_wconf 86' lang='grc' dir='ltr'>χάριν</span> <span class='ocrx_word' id='word_1_34' title='bbox 1154 699 1191 769; x_wconf 79' lang='grc' dir='ltr'>οὖ</span> 
     </span>
     <span class='ocr_line' id='line_1_5' title="bbox 65 809 1191 912; baseline 0 -28"><span class='ocrx_word' id='word_1_35' title='bbox 65 815 216 906; x_wconf 69' lang='grc' dir='ltr'>γίνεται</span> <span class='ocrx_word' id='word_1_36' title='bbox 230 812 280 885; x_wconf 81' lang='grc' dir='ltr'>διά</span> <span class='ocrx_word' id='word_1_37' title='bbox 297 819 360 886; x_wconf 79' lang='grc' dir='ltr'>τοῦ</span> <span class='ocrx_word' id='word_1_38' title='bbox 377 844 397 884; x_wconf 75' lang='grc' dir='ltr'>α</span> <span class='ocrx_word' id='word_1_39' title='bbox 414 813 467 884; x_wconf 80' lang='grc' dir='ltr'>καί</span> <span class='ocrx_word' id='word_1_40' title='bbox 484 844 506 884; x_wconf 91' lang='grc' dir='ltr'>α</span> <span class='ocrx_word' id='word_1_41' title='bbox 522 811 687 892; x_wconf 78' lang='grc' dir='ltr'>Ἀττικῶς</span> <span class='ocrx_word' id='word_1_42' title='bbox 711 821 759 906; x_wconf 77' lang='grc' dir='ltr'>τῷ</span> <span class='ocrx_word' id='word_1_43' title='bbox 783 815 891 912; x_wconf 82' lang='grc' dir='ltr'>τείχεϊ</span> <span class='ocrx_word' id='word_1_44' title='bbox 904 812 957 884; x_wconf 83' lang='grc' dir='ltr'>καί</span> <span class='ocrx_word' id='word_1_45' title='bbox 979 809 1065 883; x_wconf 79' lang='grc' dir='ltr'>κατὰ</span> <span class='ocrx_word' id='word_1_46' title='bbox 1083 812 1191 884; x_wconf 87' lang='grc' dir='ltr'>συναί-</span> 
     </span>
     <span class='ocr_line' id='line_1_6' title="bbox 66 930 1216 1027; baseline 0 -27"><span class='ocrx_word' id='word_1_47' title='bbox 66 959 178 1026; x_wconf 84' lang='grc' dir='ltr'>ρεσιν</span> <span class='ocrx_word' id='word_1_48' title='bbox 195 930 310 1027; x_wconf 85' lang='grc' dir='ltr'>τείχει.</span> <span class='ocrx_word' id='word_1_49' title='bbox 745 942 750 954; x_wconf 91' lang='grc'><strong><em>’</em></strong></span> <span class='ocrx_word' id='word_1_50' title='bbox 1199 955 1216 1013; x_wconf 83' lang='lat'><strong>5</strong></span> 
     </span>
    </p>

    <p class='ocr_par' dir='ltr' id='par_1_3' title="bbox 69 1041 1191 1374">
     <span class='ocr_line' id='line_1_7' title="bbox 133 1041 1190 1144; baseline 0 -28"><span class='ocrx_word' id='word_1_51' title='bbox 133 1055 159 1087; x_wconf 80' lang='lat'>‘⁴</span> <span class='ocrx_word' id='word_1_52' title='bbox 174 1043 229 1116; x_wconf 87' lang='grc' dir='ltr'>Τό</span> <span class='ocrx_word' id='word_1_53' title='bbox 253 1055 366 1143; x_wconf 88' lang='grc' dir='ltr'>τεῖχος</span> <span class='ocrx_word' id='word_1_54' title='bbox 390 1043 415 1116; x_wconf 83' lang='grc' dir='ltr'>ῶ</span> <span class='ocrx_word' id='word_1_55' title='bbox 439 1055 561 1142; x_wconf 85' lang='grc' dir='ltr'>τεῖχος.</span> <span class='ocrx_word' id='word_1_56' title='bbox 613 1045 672 1116; x_wconf 85' lang='grc' dir='ltr'>Τῶ</span> <span class='ocrx_word' id='word_1_57' title='bbox 698 1047 805 1144; x_wconf 77' lang='grc' dir='ltr'>τείχεσ</span> <span class='ocrx_word' id='word_1_58' title='bbox 830 1045 882 1115; x_wconf 81' lang='grc' dir='ltr'>καί</span> <span class='ocrx_word' id='word_1_59' title='bbox 905 1041 991 1115; x_wconf 76' lang='grc' dir='ltr'>κατὰ</span> <span class='ocrx_word' id='word_1_60' title='bbox 1009 1045 1190 1142; x_wconf 88' lang='grc' dir='ltr'>συναίρεσιν</span> 
     </span>
     <span class='ocr_line' id='line_1_8' title="bbox 69 1159 1191 1260; baseline -0.004 -26"><span class='ocrx_word' id='word_1_61' title='bbox 69 1163 196 1259; x_wconf 85' lang='grc' dir='ltr'>τείχη,</span> <span class='ocrx_word' id='word_1_62' title='bbox 212 1172 286 1234; x_wconf 81' lang='grc' dir='ltr'>τοῖν</span> <span class='ocrx_word' id='word_1_63' title='bbox 309 1162 452 1260; x_wconf 84' lang='grc' dir='ltr'>τειχέοιν</span> <span class='ocrx_word' id='word_1_64' title='bbox 477 1162 530 1232; x_wconf 83' lang='grc' dir='ltr'>καί</span> <span class='ocrx_word' id='word_1_65' title='bbox 557 1161 643 1235; x_wconf 81' lang='grc' dir='ltr'>κατὰ</span> <span class='ocrx_word' id='word_1_66' title='bbox 673 1159 856 1258; x_wconf 84' lang='grc' dir='ltr'>σνναίρεσιν</span> <span class='ocrx_word' id='word_1_67' title='bbox 880 1161 1060 1257; x_wconf 82' lang='grc' dir='ltr'>τειχοΐν,ῶ</span> <span class='ocrx_word' id='word_1_68' title='bbox 1083 1161 1191 1257; x_wconf 85' lang='grc' dir='ltr'>τείχεε</span> 
     </span>
     <span class='ocr_line' id='line_1_9' title="bbox 71 1275 584 1374; baseline 0.002 -27"><span class='ocrx_word' id='word_1_69' title='bbox 71 1275 136 1348; x_wconf 78' lang='grc' dir='ltr'>καί</span> <span class='ocrx_word' id='word_1_70' title='bbox 154 1275 242 1349; x_wconf 80' lang='grc' dir='ltr'>κατὰ</span> <span class='ocrx_word' id='word_1_71' title='bbox 259 1279 442 1374; x_wconf 89' lang='grc' dir='ltr'>συναίρεσιν</span> <span class='ocrx_word' id='word_1_72' title='bbox 457 1279 584 1374; x_wconf 86' lang='grc' dir='ltr'>τείχη.”</span> 
     </span>
    </p>

    <p class='ocr_par' dir='ltr' id='par_1_4' title="bbox 75 1390 1239 2065">
     <span class='ocr_line' id='line_1_10' title="bbox 135 1390 1189 1490; baseline -0.001 -27"><span class='ocrx_word' id='word_1_73' title='bbox 135 1393 269 1465; x_wconf 86' lang='grc' dir='ltr'>Ἰστέον</span> <span class='ocrx_word' id='word_1_74' title='bbox 310 1392 326 1464; x_wconf 85' lang='grc' dir='ltr'>έ</span> <span class='ocrx_word' id='word_1_75' title='bbox 349 1394 404 1465; x_wconf 88' lang='grc' dir='ltr'>ὄτι</span> <span class='ocrx_word' id='word_1_76' title='bbox 428 1391 496 1464; x_wconf 81' lang='grc' dir='ltr'>ἀπὸ</span> <span class='ocrx_word' id='word_1_77' title='bbox 518 1400 580 1465; x_wconf 78' lang='grc' dir='ltr'>τοῦ</span> <span class='ocrx_word' id='word_1_78' title='bbox 601 1395 714 1490; x_wconf 88' lang='grc' dir='ltr'>τείχεα</span> <span class='ocrx_word' id='word_1_79' title='bbox 737 1390 823 1465; x_wconf 80' lang='grc' dir='ltr'>κατὰ</span> <span class='ocrx_word' id='word_1_80' title='bbox 845 1396 962 1490; x_wconf 81' lang='grc' dir='ltr'>κρᾶσιν</span> <span class='ocrx_word' id='word_1_81' title='bbox 983 1398 1045 1463; x_wconf 82' lang='grc' dir='ltr'>τοῦ</span> <span class='ocrx_word' id='word_1_82' title='bbox 1063 1423 1082 1464; x_wconf 79' lang='grc' dir='ltr'>ις</span> <span class='ocrx_word' id='word_1_83' title='bbox 1099 1391 1189 1462; x_wconf 76' lang='grc' dir='ltr'>καίκ</span> 
     </span>
     <span class='ocr_line' id='line_1_11' title="bbox 75 1507 1239 1608; baseline -0.005 -27"><span class='ocrx_word' id='word_1_84' title='bbox 75 1513 127 1588; x_wconf 82' lang='grc' dir='ltr'>είς</span> <span class='ocrx_word' id='word_1_85' title='bbox 146 1539 171 1581; x_wconf 79' lang='lat' dir='ltr'><strong>u</strong></span> <span class='ocrx_word' id='word_1_86' title='bbox 189 1511 310 1604; x_wconf 75' lang='grc' dir='ltr'>γέγονε</span> <span class='ocrx_word' id='word_1_87' title='bbox 324 1511 430 1608; x_wconf 86' lang='grc' dir='ltr'>τείχη,</span> <span class='ocrx_word' id='word_1_88' title='bbox 446 1509 559 1608; x_wconf 84' lang='grc' dir='ltr'>ῶσπερ</span> <span class='ocrx_word' id='word_1_89' title='bbox 573 1509 786 1594; x_wconf 73' lang='grc' dir='ltr'>Δημοσθένην</span> <span class='ocrx_word' id='word_1_90' title='bbox 805 1508 1011 1592; x_wconf 91' lang='grc' dir='ltr'>Δημοσθένη,</span> <span class='ocrx_word' id='word_1_91' title='bbox 1026 1507 1191 1592; x_wconf 84' lang='grc' dir='ltr'>Διομήδεα</span> <span class='ocrx_word' id='word_1_92' title='bbox 1202 1537 1239 1576; x_wconf 88' lang='lat'>10</span> 
     </span>
     <span class='ocr_line' id='line_1_12' title="bbox 78 1625 1192 1723; baseline -0.001 -27"><span class='ocrx_word' id='word_1_93' title='bbox 78 1625 248 1709; x_wconf 89' lang='grc' dir='ltr'>Διομήδη.</span> <span class='ocrx_word' id='word_1_94' title='bbox 301 1625 388 1723; x_wconf 80' lang='grc' dir='ltr'>Περί</span> <span class='ocrx_word' id='word_1_95' title='bbox 415 1625 448 1696; x_wconf 84' lang='grc' dir='ltr'>δέ</span> <span class='ocrx_word' id='word_1_96' title='bbox 472 1633 534 1697; x_wconf 80' lang='grc' dir='ltr'>τοῦ</span> <span class='ocrx_word' id='word_1_97' title='bbox 558 1629 647 1697; x_wconf 83' lang='grc' dir='ltr'>ὄστᾶ</span> <span class='ocrx_word' id='word_1_98' title='bbox 667 1625 720 1695; x_wconf 78' lang='grc' dir='ltr'>καὶ</span> <span class='ocrx_word' id='word_1_99' title='bbox 743 1628 823 1694; x_wconf 77' lang='grc' dir='ltr'>κανᾶ</span> <span class='ocrx_word' id='word_1_100' title='bbox 846 1625 898 1694; x_wconf 80' lang='grc' dir='ltr'>καί</span> <span class='ocrx_word' id='word_1_101' title='bbox 916 1628 1039 1720; x_wconf 81' lang='grc' dir='ltr'>χαλκᾶ,</span> <span class='ocrx_word' id='word_1_102' title='bbox 1057 1625 1192 1697; x_wconf 77' lang='grc' dir='ltr'>καὶτῶν</span> 
     </span>
     <span class='ocr_line' id='line_1_13' title="bbox 77 1736 1190 1836; baseline -0.001 -24"><span class='ocrx_word' id='word_1_103' title='bbox 77 1743 255 1823; x_wconf 62' lang='grc' dir='ltr'>τοιούτων,</span> <span class='ocrx_word' id='word_1_104' title='bbox 273 1741 375 1813; x_wconf 84' lang='grc' dir='ltr'>πάθεν</span> <span class='ocrx_word' id='word_1_105' title='bbox 400 1741 589 1834; x_wconf 77' lang='grc' dir='ltr'>γεγόνασιν,</span> <span class='ocrx_word' id='word_1_106' title='bbox 607 1741 639 1812; x_wconf 86' lang='grc' dir='ltr'>έν</span> <span class='ocrx_word' id='word_1_107' title='bbox 664 1749 735 1816; x_wconf 84' lang='grc' dir='ltr'>τοῖς</span> <span class='ocrx_word' id='word_1_108' title='bbox 760 1743 993 1836; x_wconf 84' lang='grc' dir='ltr'>τρολαβοῶσιν</span> <span class='ocrx_word' id='word_1_109' title='bbox 1018 1736 1190 1824; x_wconf 77' lang='grc' dir='ltr'>ἐμάθομεν,</span> 
     </span>
     <span class='ocr_line' id='line_1_14' title="bbox 79 1853 1192 1954; baseline -0.002 -26"><span class='ocrx_word' id='word_1_110' title='bbox 79 1859 117 1928; x_wconf 85' lang='grc' dir='ltr'>έν</span> <span class='ocrx_word' id='word_1_111' title='bbox 148 1863 193 1952; x_wconf 74' lang='grc' dir='ltr'>τῇ</span> <span class='ocrx_word' id='word_1_112' title='bbox 220 1857 296 1954; x_wconf 78' lang='grc' dir='ltr'>περὶ</span> <span class='ocrx_word' id='word_1_113' title='bbox 326 1862 387 1927; x_wconf 83' lang='grc' dir='ltr'>τοῶ</span> <span class='ocrx_word' id='word_1_114' title='bbox 414 1859 567 1944; x_wconf 86' lang='grc' dir='ltr'>βήματος</span> <span class='ocrx_word' id='word_1_115' title='bbox 597 1857 699 1947; x_wconf 77' lang='grc' dir='ltr'>εὐθείᾳ</span> <span class='ocrx_word' id='word_1_116' title='bbox 729 1861 794 1927; x_wconf 90' lang='grc' dir='ltr'>τῶν</span> <span class='ocrx_word' id='word_1_117' title='bbox 823 1861 1046 1939; x_wconf 82' lang='grc' dir='ltr'>πληθυντικῶν</span> <span class='ocrx_word' id='word_1_118' title='bbox 1081 1853 1192 1927; x_wconf 88' lang='grc' dir='ltr'>διδασ-</span> 
     </span>
     <span class='ocr_line' id='line_1_15' title="bbox 81 1974 200 2065; baseline 0 -21"><span class='ocrx_word' id='word_1_119' title='bbox 81 1974 200 2065; x_wconf 84' lang='grc' dir='ltr'>κολίᾳ.</span> 
     </span>
    </p>

    <p class='ocr_par' dir='ltr' id='par_1_5' title="bbox 82 2084 1236 2286">
     <span class='ocr_line' id='line_1_16' title="bbox 137 2084 1236 2184; baseline -0.002 -26"><span class='ocrx_word' id='word_1_120' title='bbox 137 2098 159 2129; x_wconf 89' lang='grc'><strong>“</strong></span> <span class='ocrx_word' id='word_1_121' title='bbox 179 2087 255 2158; x_wconf 85' lang='grc' dir='ltr'>Τῶν</span> <span class='ocrx_word' id='word_1_122' title='bbox 277 2087 411 2182; x_wconf 86' lang='grc' dir='ltr'>τειχέων</span> <span class='ocrx_word' id='word_1_123' title='bbox 433 2087 486 2158; x_wconf 82' lang='grc' dir='ltr'>καί</span> <span class='ocrx_word' id='word_1_124' title='bbox 510 2084 595 2157; x_wconf 80' lang='grc' dir='ltr'>κατὰ</span> <span class='ocrx_word' id='word_1_125' title='bbox 619 2087 802 2182; x_wconf 83' lang='grc' dir='ltr'>συναίρεσιν</span> <span class='ocrx_word' id='word_1_126' title='bbox 823 2093 951 2184; x_wconf 84' lang='grc' dir='ltr'>τειχῶν,</span> <span class='ocrx_word' id='word_1_127' title='bbox 969 2098 1041 2164; x_wconf 84' lang='grc' dir='ltr'>τοῖς</span> <span class='ocrx_word' id='word_1_128' title='bbox 1062 2088 1189 2182; x_wconf 83' lang='grc' dir='ltr'>τείχεσι</span> <span class='ocrx_word' id='word_1_129' title='bbox 1203 2107 1236 2166; x_wconf 84' lang='lat'>15</span> 
     </span>
     <span class='ocr_line' id='line_1_17' title="bbox 82 2203 223 2286; baseline 0 -12"><span class='ocrx_word' id='word_1_130' title='bbox 82 2203 223 2286; x_wconf 82' lang='grc' dir='ltr'>μόνως.”</span> 
     </span>
    </p>

    <p class='ocr_par' dir='ltr' id='par_1_6' title="bbox 87 2317 1192 2650">
     <span class='ocr_line' id='line_1_18' title="bbox 140 2317 1191 2419; baseline 0.001 -31"><span class='ocrx_word' id='word_1_131' title='bbox 140 2317 271 2390; x_wconf 90' lang='grc' dir='ltr'>Ἰστέον</span> <span class='ocrx_word' id='word_1_132' title='bbox 295 2319 350 2390; x_wconf 87' lang='grc' dir='ltr'>ὄτι</span> <span class='ocrx_word' id='word_1_133' title='bbox 376 2325 480 2392; x_wconf 85' lang='grc' dir='ltr'>τοῶτο</span> <span class='ocrx_word' id='word_1_134' title='bbox 505 2321 717 2419; x_wconf 83' lang='grc' dir='ltr'>ἆσυναίρετον</span> <span class='ocrx_word' id='word_1_135' title='bbox 739 2322 868 2406; x_wconf 78' lang='grc' dir='ltr'>ἔμεινεν,</span> <span class='ocrx_word' id='word_1_136' title='bbox 883 2319 993 2403; x_wconf 79' lang='grc' dir='ltr'>ἐπειδή</span> <span class='ocrx_word' id='word_1_137' title='bbox 1015 2320 1191 2417; x_wconf 78' lang='grc' dir='ltr'>σύμφωνον</span> 
     </span>
     <span class='ocr_line' id='line_1_19' title="bbox 87 2431 1192 2534; baseline 0.002 -30"><span class='ocrx_word' id='word_1_138' title='bbox 87 2435 166 2506; x_wconf 81' lang='grc' dir='ltr'>ε’στί</span> <span class='ocrx_word' id='word_1_139' title='bbox 181 2431 306 2529; x_wconf 78' lang='grc' dir='ltr'>μεταξὺ</span> <span class='ocrx_word' id='word_1_140' title='bbox 322 2441 387 2508; x_wconf 90' lang='grc' dir='ltr'>τῶν</span> <span class='ocrx_word' id='word_1_141' title='bbox 408 2435 605 2533; x_wconf 82' lang='grc' dir='ltr'>φωνηέντων,</span> <span class='ocrx_word' id='word_1_142' title='bbox 623 2437 709 2534; x_wconf 83' lang='grc' dir='ltr'>φημί</span> <span class='ocrx_word' id='word_1_143' title='bbox 727 2435 761 2508; x_wconf 81' lang='grc' dir='ltr'>δέ</span> <span class='ocrx_word' id='word_1_144' title='bbox 778 2435 821 2509; x_wconf 85' lang='grc' dir='ltr'>τδ</span> <span class='ocrx_word' id='word_1_145' title='bbox 840 2467 869 2508; x_wconf 72' lang='grc' dir='ltr'>ε.</span> <span class='ocrx_word' id='word_1_146' title='bbox 909 2435 1092 2517; x_wconf 76' lang='grc' dir='ltr'>Οὐδέποτε,</span> <span class='ocrx_word' id='word_1_147' title='bbox 1110 2465 1192 2518; x_wconf 91' lang='grc' dir='ltr'>συμ-</span> 
     </span>
     <span class='ocr_line' id='line_1_20' title="bbox 89 2549 1192 2650; baseline -0.002 -27"><span class='ocrx_word' id='word_1_148' title='bbox 89 2553 201 2650; x_wconf 83' lang='grc' dir='ltr'>φιόνου</span> <span class='ocrx_word' id='word_1_149' title='bbox 223 2549 348 2646; x_wconf 78' lang='grc' dir='ltr'>μεταξὺ</span> <span class='ocrx_word' id='word_1_150' title='bbox 372 2551 427 2624; x_wconf 80' lang='grc' dir='ltr'>δύο</span> <span class='ocrx_word' id='word_1_151' title='bbox 453 2552 641 2650; x_wconf 86' lang='grc' dir='ltr'>φωνηέντων</span> <span class='ocrx_word' id='word_1_152' title='bbox 667 2553 772 2638; x_wconf 86' lang='grc' dir='ltr'>ὄντος,</span> <span class='ocrx_word' id='word_1_153' title='bbox 790 2551 937 2624; x_wconf 79' lang='grc' dir='ltr'>δύνανται</span> <span class='ocrx_word' id='word_1_154' title='bbox 958 2549 1003 2624; x_wconf 81' lang='grc' dir='ltr'>τά</span> <span class='ocrx_word' id='word_1_155' title='bbox 1021 2555 1192 2648; x_wconf 74' lang='grc' dir='ltr'>φωνήεντα</span> 
     </span>
    </p>

    <p class='ocr_par' dir='ltr' id='par_1_7' title="bbox 6 2665 1241 3576">
     <span class='ocr_line' id='line_1_21' title="bbox 63 2665 1241 2766; baseline -0.003 -26"><span class='ocrx_word' id='word_1_156' title='bbox 63 2669 273 2766; x_wconf 81' lang='grc' dir='ltr'>Ισυναίρεσιν</span> <span class='ocrx_word' id='word_1_157' title='bbox 298 2666 527 2764; x_wconf 78' lang='grc' dir='ltr'>ἀναδέξασθαι.</span> <span class='ocrx_word' id='word_1_158' title='bbox 573 2666 707 2766; x_wconf 85' lang='grc' dir='ltr'>Ὥσπερ</span> <span class='ocrx_word' id='word_1_159' title='bbox 734 2666 803 2766; x_wconf 76' lang='grc' dir='ltr'>γάρ</span> <span class='ocrx_word' id='word_1_160' title='bbox 832 2669 966 2764; x_wconf 85' lang='grc' dir='ltr'>κέντρου</span> <span class='ocrx_word' id='word_1_161' title='bbox 999 2665 1054 2738; x_wconf 81' lang='grc' dir='ltr'>δύο</span> <span class='ocrx_word' id='word_1_162' title='bbox 1088 2665 1241 2760; x_wconf 56' lang='lat' dir='ltr'>{omnmo</span> 
     </span>
     <span class='ocr_line' id='line_1_22' title="bbox 40 2782 1192 2879; baseline -0.001 -24"><span class='ocrx_word' id='word_1_163' title='bbox 40 2835 45 2842; x_wconf 92' lang='lat'>-</span> <span class='ocrx_word' id='word_1_164' title='bbox 90 2785 196 2868; x_wconf 89' lang='grc' dir='ltr'>ὄντος,</span> <span class='ocrx_word' id='word_1_165' title='bbox 214 2785 251 2855; x_wconf 78' lang='grc' dir='ltr'>οὗ</span> <span class='ocrx_word' id='word_1_166' title='bbox 273 2783 419 2856; x_wconf 76' lang='grc' dir='ltr'>δύνανται</span> <span class='ocrx_word' id='word_1_167' title='bbox 442 2782 488 2856; x_wconf 83' lang='grc' dir='ltr'>τὰ</span> <span class='ocrx_word' id='word_1_168' title='bbox 511 2783 594 2878; x_wconf 78' lang='grc' dir='ltr'>ξύλα</span> <span class='ocrx_word' id='word_1_169' title='bbox 618 2786 777 2867; x_wconf 80' lang='grc' dir='ltr'>ένωθήναι,</span> <span class='ocrx_word' id='word_1_170' title='bbox 795 2782 855 2856; x_wconf 84' lang='grc' dir='ltr'>τὸν</span> <span class='ocrx_word' id='word_1_171' title='bbox 876 2782 1121 2879; x_wconf 75' lang='grc' dir='ltr'>αὐτὸντρόπον</span> <span class='ocrx_word' id='word_1_172' title='bbox 1139 2784 1192 2854; x_wconf 81' lang='grc' dir='ltr'>καὶ</span> 
     </span>
     <span class='ocr_line' id='line_1_23' title="bbox 91 2897 1191 2998; baseline -0.002 -26"><span class='ocrx_word' id='word_1_173' title='bbox 91 2902 267 2998; x_wconf 79' lang='grc' dir='ltr'>συμφώνου</span> <span class='ocrx_word' id='word_1_174' title='bbox 298 2898 422 2994; x_wconf 77' lang='grc' dir='ltr'>μεταξὺ</span> <span class='ocrx_word' id='word_1_175' title='bbox 455 2898 510 2972; x_wconf 84' lang='grc' dir='ltr'>δίο</span> <span class='ocrx_word' id='word_1_176' title='bbox 545 2901 733 2998; x_wconf 88' lang='grc' dir='ltr'>φωνηέντων</span> <span class='ocrx_word' id='word_1_177' title='bbox 768 2900 873 2980; x_wconf 86' lang='grc' dir='ltr'>ὄντος,</span> <span class='ocrx_word' id='word_1_178' title='bbox 900 2900 937 2969; x_wconf 79' lang='grc' dir='ltr'>οὗ</span> <span class='ocrx_word' id='word_1_179' title='bbox 968 2897 1115 2970; x_wconf 82' lang='grc' dir='ltr'>δύνανται</span> <span class='ocrx_word' id='word_1_180' title='bbox 1145 2897 1191 2970; x_wconf 82' lang='grc' dir='ltr'>τά</span> 
     </span>
     <span class='ocr_line' id='line_1_24' title="bbox 93 3013 1192 3112; baseline 0.001 -28"><span class='ocrx_word' id='word_1_181' title='bbox 93 3018 260 3112; x_wconf 87' lang='grc' dir='ltr'>φωνήεντα</span> <span class='ocrx_word' id='word_1_182' title='bbox 284 3017 397 3087; x_wconf 78' lang='grc' dir='ltr'>ἕνωσιν</span> <span class='ocrx_word' id='word_1_183' title='bbox 422 3013 652 3110; x_wconf 77' lang='grc' dir='ltr'>διαδέξασθαι.</span> <span class='ocrx_word' id='word_1_184' title='bbox 705 3013 755 3087; x_wconf 81' lang='grc' dir='ltr'>Εἰ</span> <span class='ocrx_word' id='word_1_185' title='bbox 779 3015 814 3087; x_wconf 87' lang='grc' dir='ltr'>δέ</span> <span class='ocrx_word' id='word_1_186' title='bbox 837 3046 889 3092; x_wconf 93' lang='grc' dir='ltr'>τις</span> <span class='ocrx_word' id='word_1_187' title='bbox 914 3016 1011 3096; x_wconf 79' lang='grc' dir='ltr'>εἴποι,</span> <span class='ocrx_word' id='word_1_188' title='bbox 1035 3013 1125 3085; x_wconf 89' lang='grc' dir='ltr'>διατί</span> <span class='ocrx_word' id='word_1_189' title='bbox 1146 3016 1192 3099; x_wconf 84' lang='grc' dir='ltr'>μή</span> 
     </span>
     <span class='ocr_line' id='line_1_25' title="bbox 95 3127 1190 3230; baseline 0.002 -30"><span class='ocrx_word' id='word_1_190' title='bbox 95 3127 328 3217; x_wconf 84' lang='grc' dir='ltr'>ἆτοβάλλεται</span> <span class='ocrx_word' id='word_1_191' title='bbox 354 3127 397 3201; x_wconf 87' lang='grc' dir='ltr'>τό</span> <span class='ocrx_word' id='word_1_192' title='bbox 424 3161 453 3217; x_wconf 75' lang='lat' dir='ltr'>z,</span> <span class='ocrx_word' id='word_1_193' title='bbox 473 3133 525 3215; x_wconf 80' lang='grc' dir='ltr'>καί</span> <span class='ocrx_word' id='word_1_194' title='bbox 553 3133 679 3225; x_wconf 78' lang='grc' dir='ltr'>γίνεται</span> <span class='ocrx_word' id='word_1_195' title='bbox 705 3133 887 3230; x_wconf 88' lang='grc' dir='ltr'>συναίρεσις</span> <span class='ocrx_word' id='word_1_196' title='bbox 907 3137 973 3204; x_wconf 93' lang='grc' dir='ltr'>τῶν</span> <span class='ocrx_word' id='word_1_197' title='bbox 991 3131 1190 3229; x_wconf 88' lang='grc' dir='ltr'>φωνηέντων·</span> 
     </span>
     <span class='ocr_line' id='line_1_26' title="bbox 95 3244 1239 3342; baseline 0.002 -26"><span class='ocrx_word' id='word_1_198' title='bbox 95 3246 244 3338; x_wconf 79' lang='grc' dir='ltr'>λέγομεν,</span> <span class='ocrx_word' id='word_1_199' title='bbox 261 3247 316 3318; x_wconf 87' lang='grc' dir='ltr'>ὄτι</span> <span class='ocrx_word' id='word_1_200' title='bbox 334 3244 389 3316; x_wconf 81' lang='grc' dir='ltr'>ἐὰν</span> <span class='ocrx_word' id='word_1_201' title='bbox 405 3248 587 3341; x_wconf 85' lang='grc' dir='ltr'>ἀποβληθῇ</span> <span class='ocrx_word' id='word_1_202' title='bbox 603 3246 646 3319; x_wconf 88' lang='grc' dir='ltr'>τδ</span> <span class='ocrx_word' id='word_1_203' title='bbox 665 3278 693 3329; x_wconf 69' lang='grc' dir='ltr'>τ,</span> <span class='ocrx_word' id='word_1_204' title='bbox 710 3247 762 3316; x_wconf 80' lang='grc' dir='ltr'>καί</span> <span class='ocrx_word' id='word_1_205' title='bbox 781 3246 912 3338; x_wconf 75' lang='grc' dir='ltr'>γίνηται</span> <span class='ocrx_word' id='word_1_206' title='bbox 930 3248 1111 3342; x_wconf 86' lang='grc' dir='ltr'>συναίρεσις</span> <span class='ocrx_word' id='word_1_207' title='bbox 1127 3252 1191 3318; x_wconf 90' lang='grc' dir='ltr'>τῶν</span> <span class='ocrx_word' id='word_1_208' title='bbox 1203 3266 1239 3327; x_wconf 81' lang='lat'>25</span> 
     </span>
     <span class='ocr_line' id='line_1_27' title="bbox 98 3359 1192 3458; baseline 0.002 -26"><span class='ocrx_word' id='word_1_209' title='bbox 98 3361 291 3458; x_wconf 87' lang='grc' dir='ltr'>φωνηέντων,</span> <span class='ocrx_word' id='word_1_210' title='bbox 308 3362 424 3446; x_wconf 89' lang='grc' dir='ltr'>μέλλει</span> <span class='ocrx_word' id='word_1_211' title='bbox 450 3365 681 3447; x_wconf 89' lang='grc' dir='ltr'>συνεμπίπτειν</span> <span class='ocrx_word' id='word_1_212' title='bbox 697 3368 741 3456; x_wconf 77' lang='grc' dir='ltr'>τῇ</span> <span class='ocrx_word' id='word_1_213' title='bbox 764 3359 874 3454; x_wconf 72' lang='grc' dir='ltr'>δοτική</span> <span class='ocrx_word' id='word_1_214' title='bbox 897 3365 963 3431; x_wconf 92' lang='grc' dir='ltr'>τῶν</span> <span class='ocrx_word' id='word_1_215' title='bbox 988 3362 1104 3450; x_wconf 80' lang='grc' dir='ltr'>ἑνικῶν,</span> <span class='ocrx_word' id='word_1_216' title='bbox 1123 3360 1192 3434; x_wconf 73' lang='grc' dir='ltr'>οἷον</span> 
     </span>
     <span class='ocr_line' id='line_1_28' title="bbox 6 3474 1191 3576; baseline 0.002 -29"><span class='ocrx_word' id='word_1_217' title='bbox 6 3484 46 3548; x_wconf 85' lang='grc'>88</span> <span class='ocrx_word' id='word_1_218' title='bbox 62 3478 218 3574; x_wconf 71' lang='grc' dir='ltr'>ῶτείχεσι</span> <span class='ocrx_word' id='word_1_219' title='bbox 247 3479 357 3576; x_wconf 85' lang='grc' dir='ltr'>τείχεϊ</span> <span class='ocrx_word' id='word_1_220' title='bbox 385 3479 500 3574; x_wconf 87' lang='grc' dir='ltr'>τείχει,</span> <span class='ocrx_word' id='word_1_221' title='bbox 535 3479 619 3576; x_wconf 85' lang='grc' dir='ltr'>ὅπερ</span> <span class='ocrx_word' id='word_1_222' title='bbox 652 3478 745 3549; x_wconf 82' lang='grc' dir='ltr'>ἐστίν</span> <span class='ocrx_word' id='word_1_223' title='bbox 779 3474 919 3547; x_wconf 88' lang='grc' dir='ltr'>ὄταπον.</span> <span class='ocrx_word' id='word_1_224' title='bbox 971 3475 1104 3549; x_wconf 81' lang='grc' dir='ltr'>Τοότου</span> <span class='ocrx_word' id='word_1_225' title='bbox 1137 3478 1191 3548; x_wconf 73' lang='grc' dir='ltr'>οὖν</span> 
     </span>
    </p>
   </div>
   <div class='ocr_carea' id='block_1_3' title="bbox 98 3590 1241 3924">
    <p class='ocr_par' dir='ltr' id='par_1_8' title="bbox 98 3590 1241 3924">
     <span class='ocr_line' id='line_1_29' title="bbox 98 3590 1189 3691; baseline 0.001 -27"><span class='ocrx_word' id='word_1_226' title='bbox 98 3590 190 3691; x_wconf 84' lang='grc' dir='ltr'>χάριν</span> <span class='ocrx_word' id='word_1_227' title='bbox 218 3595 274 3664; x_wconf 85' lang='grc' dir='ltr'>οιίκ</span> <span class='ocrx_word' id='word_1_228' title='bbox 304 3591 541 3682; x_wconf 84' lang='grc' dir='ltr'>ὄτοβάλλεται</span> <span class='ocrx_word' id='word_1_229' title='bbox 567 3593 610 3667; x_wconf 87' lang='grc' dir='ltr'>τό</span> <span class='ocrx_word' id='word_1_230' title='bbox 637 3593 744 3678; x_wconf 61' lang='lat' dir='ltr'>mal</span> <span class='ocrx_word' id='word_1_231' title='bbox 769 3593 895 3686; x_wconf 77' lang='grc' dir='ltr'>γίνεται</span> <span class='ocrx_word' id='word_1_232' title='bbox 921 3593 1101 3690; x_wconf 86' lang='grc' dir='ltr'>συναίρεσις</span> <span class='ocrx_word' id='word_1_233' title='bbox 1125 3600 1189 3666; x_wconf 88' lang='grc' dir='ltr'>τῶν</span> 
     </span>
     <span class='ocr_line' id='line_1_30' title="bbox 99 3707 1193 3807; baseline 0 -27"><span class='ocrx_word' id='word_1_234' title='bbox 99 3709 288 3806; x_wconf 85' lang='grc' dir='ltr'>φωνηέντων.</span> <span class='ocrx_word' id='word_1_235' title='bbox 332 3709 489 3807; x_wconf 84' lang='grc' dir='ltr'>Ἔχομεν</span> <span class='ocrx_word' id='word_1_236' title='bbox 515 3708 549 3782; x_wconf 82' lang='grc' dir='ltr'>δέ</span> <span class='ocrx_word' id='word_1_237' title='bbox 573 3710 626 3780; x_wconf 84' lang='grc' dir='ltr'>καί</span> <span class='ocrx_word' id='word_1_238' title='bbox 650 3708 758 3792; x_wconf 83' lang='grc' dir='ltr'>ὄλλην</span> <span class='ocrx_word' id='word_1_239' title='bbox 782 3709 902 3790; x_wconf 82' lang='grc' dir='ltr'>αἰτίαν,</span> <span class='ocrx_word' id='word_1_240' title='bbox 919 3707 957 3790; x_wconf 82' lang='grc' dir='ltr'>ήν</span> <span class='ocrx_word' id='word_1_241' title='bbox 976 3709 1143 3804; x_wconf 78' lang='grc' dir='ltr'>εἰρήκαμεν</span> <span class='ocrx_word' id='word_1_242' title='bbox 1160 3710 1193 3780; x_wconf 86' lang='grc' dir='ltr'>έν</span> 
     </span>
     <span class='ocr_line' id='line_1_31' title="bbox 99 3825 1241 3924; baseline -0.001 -28"><span class='ocrx_word' id='word_1_243' title='bbox 99 3831 138 3918; x_wconf 74' lang='grc' dir='ltr'>τῇ</span> <span class='ocrx_word' id='word_1_244' title='bbox 154 3825 225 3921; x_wconf 82' lang='grc' dir='ltr'>περί</span> <span class='ocrx_word' id='word_1_245' title='bbox 243 3831 304 3896; x_wconf 79' lang='grc' dir='ltr'>τοῦ</span> <span class='ocrx_word' id='word_1_246' title='bbox 319 3835 391 3904; x_wconf 87' lang='grc' dir='ltr'>τοῖς</span> <span class='ocrx_word' id='word_1_247' title='bbox 406 3827 520 3924; x_wconf 86' lang='grc' dir='ltr'>κρέασι</span> <span class='ocrx_word' id='word_1_248' title='bbox 538 3825 743 3916; x_wconf 80' lang='grc' dir='ltr'>διδασκαλίᾳ.</span> <span class='ocrx_word' id='word_1_249' title='bbox 1201 3851 1241 3907; x_wconf 85' lang='lat'>30</span> 
     </span>
    </p>
   </div>
   <div class='ocr_carea' id='block_1_4' title="bbox 822 3939 904 3968">
    <p class='ocr_par' dir='ltr' id='par_1_9' title="bbox 822 3939 904 3968">
     <span class='ocr_line' id='line_1_32' title="bbox 822 3939 904 3968; baseline 0 -1"><span class='ocrx_word' id='word_1_250' title='bbox 822 3939 904 3968; x_wconf 63' lang='grc' dir='ltr'>θ’)</span> 
     </span>
    </p>
   </div>
   <div class='ocr_carea' id='block_1_5' title="bbox 147 3937 884 4039">
    <p class='ocr_par' dir='ltr' id='par_1_10' title="bbox 147 3937 884 4039">
     <span class='ocr_line' id='line_1_33' title="bbox 147 3937 884 4039; baseline 0.001 -31"><span class='ocrx_word' id='word_1_251' title='bbox 147 3937 227 4010; x_wconf 83' lang='grc' dir='ltr'>“Τό</span> <span class='ocrx_word' id='word_1_252' title='bbox 245 3941 360 4037; x_wconf 89' lang='grc' dir='ltr'>τείχεα</span> <span class='ocrx_word' id='word_1_253' title='bbox 377 3940 423 4013; x_wconf 88' lang='grc' dir='ltr'>τδι</span> <span class='ocrx_word' id='word_1_254' title='bbox 440 3943 547 4039; x_wconf 87' lang='grc' dir='ltr'>τείχη,</span> <span class='ocrx_word' id='word_1_255' title='bbox 565 3944 596 4014; x_wconf 86' lang='grc' dir='ltr'>ῶ·</span> <span class='ocrx_word' id='word_1_256' title='bbox 606 3942 720 4038; x_wconf 81' lang='grc' dir='ltr'>τείχεα</span> <span class='ocrx_word' id='word_1_257' title='bbox 736 3939 763 4012; x_wconf 76' lang='grc' dir='ltr'><em>ὦ</em></span> <span class='ocrx_word' id='word_1_258' title='bbox 777 3969 884 4034; x_wconf 84' lang='grc' dir='ltr'>τειχη.</span> 
     </span>
    </p>
   </div>
   <div class='ocr_carea' id='block_1_6' title="bbox 103 4053 1192 4256">
    <p class='ocr_par' dir='ltr' id='par_1_11' title="bbox 103 4053 1192 4256">
     <span class='ocr_line' id='line_1_34' title="bbox 146 4053 1192 4154; baseline -0.001 -29"><span class='ocrx_word' id='word_1_259' title='bbox 146 4053 288 4152; x_wconf 68' lang='grc' dir='ltr'>Εἴρηται</span> <span class='ocrx_word' id='word_1_260' title='bbox 318 4056 372 4128; x_wconf 84' lang='grc' dir='ltr'>ὄτι</span> <span class='ocrx_word' id='word_1_261' title='bbox 400 4055 444 4129; x_wconf 79' lang='grc' dir='ltr'>τὰ</span> <span class='ocrx_word' id='word_1_262' title='bbox 471 4057 624 4154; x_wconf 84' lang='grc' dir='ltr'>οιίδέτερα</span> <span class='ocrx_word' id='word_1_263' title='bbox 648 4057 709 4139; x_wconf 81' lang='grc' dir='ltr'>τήν</span> <span class='ocrx_word' id='word_1_264' title='bbox 735 4055 833 4138; x_wconf 78' lang='grc' dir='ltr'>αι’ντήν</span> <span class='ocrx_word' id='word_1_265' title='bbox 858 4055 991 4151; x_wconf 77' lang='grc' dir='ltr'>ἔχουσιν</span> <span class='ocrx_word' id='word_1_266' title='bbox 1016 4055 1115 4151; x_wconf 83' lang='grc' dir='ltr'>ὀρθήν</span> <span class='ocrx_word' id='word_1_267' title='bbox 1138 4054 1192 4124; x_wconf 78' lang='grc' dir='ltr'>καὶ</span> 
     </span>
     <span class='ocr_line' id='line_1_35' title="bbox 103 4170 522 4256; baseline 0.014 -17"><span class='ocrx_word' id='word_1_268' title='bbox 103 4170 274 4253; x_wconf 86' lang='grc' dir='ltr'>οίτιατικήν</span> <span class='ocrx_word' id='word_1_269' title='bbox 289 4171 343 4242; x_wconf 81' lang='grc' dir='ltr'>καί</span> <span class='ocrx_word' id='word_1_270' title='bbox 360 4179 522 4256; x_wconf 87' lang='grc' dir='ltr'>κλητικήν.</span> 
     </span>
    </p>
   </div>
   <div class='ocr_carea' id='block_1_7' title="bbox 0 0 1547 5014">
    <p class='ocr_par' dir='ltr' id='par_1_12' title="bbox 0 0 1547 5014">
     <span class='ocr_line' id='line_1_36' title="bbox 0 0 1547 5014; baseline 0 0"><span class='ocrx_word' id='word_1_271' title='bbox 0 0 1547 5014; x_wconf 95' lang='lat' dir='ltr'> </span> 
     </span>
    </p>
   </div>
  </div>
 </body>
</html>
