2966 5014
20 319 36 382 '.
390 325 457 386 ειν
478 327 533 386 το
556 323 848 386 οΝοΜΑτικοΝ.
1108 331 1166 402 155

47 493 166 576 εἶπεν,
201 495 359 567 τουτέστι
392 495 434 568 τὸ
464 497 660 594 ὁλόκληρον,
691 496 742 566 ἰ’να
776 493 819 566 τὸ
851 491 909 576 μέν
943 489 1169 573 Δημοσθένεος

48 615 182 708 εὑρεθῇ
207 610 333 688 ε’ντελές
365 615 417 684 καὶ
451 611 644 708 ὁλόκληρον,
679 609 722 682 τὸ
756 608 790 681 δέ
823 608 1050 692 Δημοσθένους
1083 605 1172 676 κατὰ

51 727 254 824 σνναέρεσιν
269 729 443 805 πεπονθός.
494 727 649 812 Ζητεῖται
676 726 710 798 δὲ
735 735 832 797 ποῖον
848 725 940 796 έστὶν
956 721 1093 809 ἐντελές,
1116 711 1174 828 καῖ

50 851 167 911 ποῖον
185 841 407 938 στινηρημένον.
460 842 529 913 Καὶ
555 845 574 913 ὁ
597 843 655 926 μὲν
677 840 825 939 τεχνικὸς
844 841 947 933 λέγει,
966 839 1020 910 ὅτι
1044 836 1087 909 τὸ
1112 837 1170 920 μὲν

54 956 299 1039 Δημοσθένους
322 957 375 1027 καὶ
401 959 542 1051 εὐγενέος
567 960 659 1030 ἐστὶν
682 961 805 1040 έντελῆ,
822 954 865 1028 τό
891 955 925 1026 δὲ
943 953 1194 1041 Δημοσθένονςς

52 1073 112 1142 καὶ
132 1073 285 1165 εὐγενοῦς
300 1071 386 1144 κατὰ
404 1076 585 1172 σνναέρεσιν
602 1076 692 1146 εἶσέν.
722 1074 822 1151 Ἴσως
839 1072 874 1144 δέ
888 1105 939 1150 τις
956 1073 1064 1165 λέγοι,
1083 1070 1172 1142 διατί

54 1189 104 1270 μῆ
122 1186 175 1260 τὸ
193 1181 370 1271 έναντέονῆ
392 1189 450 1273 μὲν
467 1193 509 1267 εἰς
536 1221 593 1261 ou
621 1191 727 1283 γενικῆ
753 1190 844 1261 ἐστὶν
861 1190 1000 1270 ἐντελὴς,
1019 1192 1036 1270 ἦ
1054 1186 1088 1258 δέ
1109 1217 1169 1258 εον

56 1301 152 1374 κατὰ
173 1300 292 1388 πόθος,
307 1305 465 1376 τοικτέστι
483 1302 567 1376 κατὰ
582 1302 750 1388 θιόλνσιν;
771 1291 901 1376 ΙἘστιν
918 1302 972 1374 οὐν
988 1306 1097 1386 εἰπεῖν,
1115 1303 1169 1407 ὅτι

56 1421 191 1515 ἔχομεν
210 1417 324 1490 τελικὰ
353 1427 413 1502 τῆς
437 1427 569 1510 γενικῆς,
587 1427 645 1502 τῆς
669 1419 726 1504 μέν
744 1417 1063 1517 τεριττοσυλλόβου
1085 1417 1127 1490 τὸ
1152 1447 1170 1488 ε

58 1535 116 1603 ἐπὶ
146 1531 323 1631 ἇρσενικῶν
345 1535 397 1605 καὶ
424 1533 607 1632 οὐδετέρων,
625 1535 694 1606 οἷον
711 1535 797 1612 Αἴας
813 1534 969 1619 Αἴαντος,
989 1536 1077 1613 θόας
1103 1535 1171 1608 Θό·
1183 1567 1218 1607 10

59 1655 191 1736 arro5‚'
213 1649 315 1738 λέβης
347 1652 503 1738 λέβητος,
538 1649 648 1748 Πάρις
682 1635 840 1748 Πάριδος,
876 1654 968 1738 βῆμα
1008 1637 1169 1738 βήματος,

61 1768 197 1851 τοέημα
227 1771 420 1850 ποιῆματος,
449 1767 525 1850 μέλι
555 1753 703 1850 μέλιτος,
730 1768 823 1862 κρέας
852 1767 998 1872 κρέατος.
1052 1765 1172 1865 Πρόσ·

813 1881 822 1906 ἱ
880 1881 889 1906 ἱ
941 1885 950 1910 ς

60 1913 172 1953 κειται
193 1893 212 1924 “
225 1883 278 1953 ε’πὶ
295 1883 478 1980 ἆρσενικιῆν,
497 1883 548 1953 καὶ
567 1881 758 1981 οὐδετέρων”
775 1881 826 1954 δια
849 1915 894 1955 τα
921 1915 963 1960 εις
982 1912 1001 1954 ιι
1017 1883 1069 1954 καὶ
1087 1885 1130 1960 εές
1148 1913 1170 1954 a

61 2003 223 2090 λήγοντα
240 1988 372 2081 θηλνκό.
424 1997 509 2069 Ἐπὶ
524 1999 649 2071 τούτων
666 1997 734 2094 γὰρ
752 1998 795 2070 τὸ
813 2029 831 2070 ε
847 1999 978 2070 τελικόν
991 2001 1082 2070 ἔστιν
1100 2002 1172 2070 ι’σο-

64 2109 248 2199 σνλλόβον
264 2121 398 2205 γενικῆς,
417 2115 486 2185 οἶον
502 2121 610 2197 μοῦσα
635 2116 768 2198 μούσης,
785 2117 864 2199 τιμῆ
880 2123 988 2198 τιμῆς.
1042 2115 1111 2198 Τῆς
1136 2115 1170 2188 δέ
1183 2145 1215 2202 15

65 2225 305 2315 ι’σοσυλλόβον
320 2235 386 2300 τῶν
398 2231 571 2326 ἅρσενικῶν
587 2227 630 2301 τό
647 2259 666 2300 ’ς
682 2231 734 2300 καὶ
751 2228 795 2301 τὸ
809 2259 841 2314 ιι,
855 2229 924 2300 οἷον
940 2229 1040 2307 καλὸς
1056 2237 1170 2316 καλοῦ,

67 2346 210 2441 κοχλίας
239 2347 386 2441 κοχλίαν,
415 2345 530 2428 Μηνᾶς
549 2345 660 2428 Μηνᾶ,
690 2331 836 2444 Μητρᾶς,
859 2345 999 2445 Μητρᾶ.
1050 2345 1100 2418 Εέ
1118 2343 1175 2418 οὐν

67 2461 221 2544 ἐνταῦθα,
233 2459 319 2556 φημὶ
336 2459 374 2544 ὐῆ
391 2461 423 2531 έν
438 2467 482 2555 τῆ
499 2455 727 2544 Δημοσθένους
740 2467 846 2558 γενικῆ
860 2464 913 2533 καὶ
930 2464 1083 2556 εὐγενοῦς,
1097 2464 1172 2536 έστῖ

70 2573 205 2647 τελικὸν
221 2573 264 2646 τό
284 2605 312 2662 z,
325 2575 449 2672 ὤφειλε
464 2579 790 2673 περιττοσυλλαβεΐν
806 2581 824 2661 ῆ
842 2579 949 2672 γενικῆ
966 2587 1024 2662 τῆς
1041 2581 1171 2664 εὐθείας,

74 2693 298 2778 ἶσοσνλλαβεῖ
314 2689 416 2763 δὲκαὶ
434 2694 471 2763 οὐ
487 2697 807 2790 περιττοσνλλαβεῐ,
825 2693 978 2776 δηλονότι
1000 2693 1171 2764 πέπονθεν·
1184 2717 1221 2757 20

73 2806 125 2904 ἄρ’
142 2806 257 2880 οὖντὸ
276 2809 502 2891 Δημοσθένους
522 2810 574 2880 καὶ
600 2808 644 2881 τὰ
670 2810 769 2893 ὅμοια
791 2809 1009 2906 έντελέστερα
1030 2808 1092 2878 εἶσὶ
1119 2808 1172 2878 καὶ

74 2924 243 3020 ὁλόκληρα
260 2923 312 2993 καὶ
329 2919 707 3021 περιττοσνλλαβοῦντα
720 2933 778 3008 τῆς
792 2923 871 3002 ι’ὐέας
884 2925 1013 3002 εὐθείας.
1033 2923 1173 3000 Ἀλλιος

73 3068 112 3110 τε
127 3038 164 3111 δὲ
180 3037 226 3112 τὰ
241 3036 356 3110 τελικὰ
375 3047 434 3121 τῆς
456 3031 773 3136 περιττοσνλλόβον
798 3049 922 3134 γενικῆς
945 3040 998 3111 καὶ
1020 3049 1080 3124 τῆς
1102 3043 1174 3111 ι’σο-

76 3151 250 3244 σνλλόβον
273 3155 355 3237 ὁμοῦ
380 3156 540 3250 εὑρεθῆναι
566 3145 695 3227 ἄτοπον
719 3156 804 3228 έστέ·
835 3163 902 3234 πῶς
925 3155 993 3255 γὰρ
1016 3154 1060 3228 τὰ
1086 3157 1174 3228 έναν·

75 3271 129 3341 τέα
146 3270 296 3342 θύνανται
319 3270 402 3352 ὁμοῦ
421 3271 645 3367 ειίρέσκεσθαι;
678 3271 729 3343 Εἴ
748 3271 812 3370 ἄρα
834 3274 866 3343 έν
883 3279 925 3366 τῆ
945 3253 1174 3356 Δημοσθένούς
1184 3295 1219 3352 25

78 3381 182 3480 γενικῆ
208 3385 261 3456 καὶ
285 3395 356 3462 τοῖς
381 3387 506 3469 ὁμοίοις
528 3388 601 3458 ἔστι
622 3386 665 3459 τὸ
683 3415 702 3457 τ
721 3387 851 3459 τελικὸν
867 3395 925 3470 τῆς
951 3395 1174 3482 περιττοσνλ-

76 3499 186 3588 λόβον
210 3508 332 3593 γενικῆς
356 3500 408 3572 καὶ
431 3499 474 3574 τὸ
499 3531 516 3572 τ
537 3499 667 3572 τελικὸν
683 3509 741 3584 τῆς
761 3498 1001 3588 ι’σοσνλλόβον,
1019 3499 1172 3582 δηλονότι

78 3615 246 3686 πέπονθεν.
289 3613 377 3688 Ἔτι
410 3618 505 3685 πᾶσα
540 3615 651 3698 θοτικῆ
684 3619 905 3698 πληθυντικῶν
935 3614 1174 3700 ι’σοσνλλαβεῑν

80 3729 163 3800 θέλει
180 3737 223 3824 τῆ
240 3737 348 3826 γενικῆ
362 3735 428 3802 τῶν
444 3732 558 3813 ἑνικῶν,
576 3731 594 3801 ὁ
613 3729 647 3802 δέ
662 3731 768 3824 λόγος
785 3730 838 3800 ε’πὶ
859 3735 924 3802 τῶν
941 3730 1088 3816 ἀπαθῶν,
1104 3730 1175 3802 οΐού

79 3843 200 3918 Αἷασιν
216 3845 371 3932 Αἴαντος,
388 3849 510 3936 λέβησι
527 3849 681 3936 λέβητος,
696 3836 811 3944 Τρωσὶ
830 3847 955 3942 Τρωός,
969 3847 1048 3943 χησέ
1066 3848 1174 3945 χηνὸς,Ι
1183 3886 1222 3942 30

81 3966 161 4035 πᾶσι
191 3963 326 4049 παντὸς,
358 3965 439 4048 μησὶ
472 3961 578 4046 μηνὸς,
611 3971 724 4038 καλοῖς
756 3967 870 4045 καλοῦ,
895 3966 1017 4059 σοφοῖς
1050 3969 1174 4060 σοφοῦ,

78 4077 231 4175 Ὀμῆροις
244 4079 404 4177 Ὀμήρου,
421 4081 603 4177 ἀνθρώποις
627 4079 809 4175 ἆνθριέπον.
863 4076 1068 4175 Πρόσκειται
1096 4077 1130 4149 δέ
1155 4080 1174 4147 ὁ

80 4195 181 4288 λόγος
198 4203 220 4236 “
233 4193 287 4266 ἐπὶ
304 4201 369 4267 τῶν
386 4196 539 4268 ἆπαθῶν”
556 4192 608 4267 διὰ
625 4192 668 4266 τό
684 4202 817 4265 καλοῖσι
829 4289 832 4296 .
843 4200 946 4264 καλοῦ
970 4195 1021 4264 καὶ
1046 4194 1175 4286 αἴγεσιν

82 4309 181 4404 αι’γός,
197 4311 251 4382 ἐπὶ
277 4313 402 4384 τούτων
419 4310 487 4408 γὰρ
511 4312 567 4382 οὐκ
590 4311 813 4398 ι’σοσνλλαβεῖ
837 4314 855 4392 ῆ
880 4308 992 4390 θοτικῆ
1008 4313 1073 4380 τῶν
1090 4309 1177 4391 πληῖ

20 4429 227 4504 λῦὶιθννιικιῆν
251 4433 296 4522 τῆ
325 4431 432 4522 γενικῆ
459 4433 524 4499 τῶν
552 4429 666 4498 ένικῶν·
697 4425 776 4500 ἄλλ’
802 4426 857 4495 οὐκ
886 4422 1063 4495 ἀντίκειται
1092 4427 1220 4512 ῆμΐν,35

601 4563 622 4604 X
640 4557 658 4606 2
