2958 5018
401 329 468 390 ΕΙΣ
489 332 545 394 ΤΟ
568 329 862 391 ΟΝΟΜΑΤΙΚΟΝ.
1119 340 1181 410 293

19 545 20 562 ι
46 495 120 570 οὖν
144 496 200 570 τὸ
226 495 316 591 ῖξειῖω
338 496 442 592 ἵξευου
462 499 518 572 οιῖκ
546 497 681 583 ήδιῖνατο
706 502 936 592 μεγιθυνθῆναι
963 499 1183 585 συλλαβικῶς,

48 612 143 685 οὑδὲ
177 610 251 711 γὰρ
280 612 420 711 ἄρχεται
447 617 467 686 ὁ
496 614 634 690 ένεστῶς
663 609 733 684 ἆπῖι
761 615 948 710 συμφόνου,
977 610 1016 706 ἐξ
1043 610 1186 706 ἀνάγκης

52 733 240 826 χρονικῶς
268 730 470 822 έμεγεθιῖυθη,
493 728 545 800 καῖ
574 729 695 802 τούτου
724 725 824 825 χάριν
845 729 943 826 φόσει
968 725 1093 826 μακρόν
1114 729 1182 824 ἔχει

53 844 110 916 τὸ
133 875 164 915 ι.
214 845 301 916 Ἔτι
327 844 375 916 δεῖ
398 849 589 942 προσθεῖναι
613 847 645 916 ἕν
660 851 710 935 τῷ
727 843 834 915 κανόνι
852 850 902 935 τῷ
925 843 1074 937 λέγοντι,
1092 842 1184 924 ότιή

56 965 328 1058 παραλήγουσα
354 969 413 1042 τῆς
441 960 569 1043 δοτικῆς
595 965 660 1032 τῶν
685 963 907 1042 πληθυντικῶν
930 961 967 1031 οιῖ
993 961 1080 1032 θέλει
1106 957 1183 1031 εῖναι
1193 991 1213 1050 5

59 1075 234 1148 ἐλάττων
250 1083 308 1159 τῆς
324 1077 582 1174 παραληγοόσης
601 1079 667 1147 τῶν
684 1073 795 1146 ἄλλων
815 1077 971 1147 πτώσεων
995 1075 1075 1147 ἀλλ’
1092 1074 1111 1158 ή
1128 1075 1187 1159 ῖση

59 1193 85 1274 ’ἦ
121 1189 261 1291 μείζων,
286 1192 340 1262 καῖ
366 1193 465 1288 χωρῖς
491 1200 550 1275 τῆς
578 1192 676 1288 χερσῖ
703 1189 830 1274 δοτικῆς
859 1196 925 1262 τῶν
950 1195 1184 1274 πληθυντικῶν.

64 1304 255 1378 Ἐνταῦθα
284 1304 352 1403 γάρ
376 1303 525 1378 ἐλάττων
544 1308 636 1381 ἐστὶν
661 1311 679 1390 ή
705 1311 951 1405 παραλήγουσα
974 1315 1033 1390 τῆς
1058 1306 1186 1390 δοτικῆς

65 1427 145 1492 τῶν
178 1425 404 1504 πληθυντικῶν
427 1429 487 1504 τῆς
511 1424 768 1519 παραληγοιῖσης
794 1428 858 1495 τῶν
880 1423 992 1495 άλλων
1017 1425 1183 1496 πτώσεων.

64 1535 126 1604 Ἥ
146 1533 209 1618 μέν
226 1534 294 1633 γὰρ
311 1543 555 1634 παραλήγουσα
572 1547 631 1621 τῆς
648 1538 775 1623 δοτικῆς
799 1540 887 1612 θέσει
911 1537 1020 1631 μακρά
1045 1541 1148 1624 ἔστιν,
1165 1543 1235 1624 ήιο

71 1651 111 1722 δὲ
143 1657 393 1749 παραλήγουσα
415 1658 481 1724 τῶν
504 1653 617 1725 ἄλλων
642 1658 798 1726 πτόσεων
823 1656 922 1752 φόσει
946 1652 1057 1753 μακρά
1081 1656 1184 1738 ἐστιν,

72 1767 151 1838 οῖον
187 1779 295 1864 χεῖρες
327 1774 444 1866 χειρῶν
476 1779 588 1866 χεῖρας
621 1781 737 1867 χεῖρες·
779 1768 822 1840 τό
855 1768 890 1840 δέ
924 1771 1024 1867 φύσει
1058 1769 1183 1866 μακρόν

73 1879 198 1981 μεῖζον
231 1885 305 1955 ε’στῖ
336 1891 400 1956 τοῦ
434 1886 520 1956 θέσει
555 1892 689 1983 μακροῦ.
746 1887 851 1957 Διατῖ
884 1884 918 1956 δέ
950 1887 1049 1983 χερσῖ
1081 1886 1185 1970 μόνως

76 1999 228 2090 λέγομεν
243 1999 303 2082 τήν
324 1998 452 2083 δοτικήν
475 2005 540 2072 τῶν
562 2005 793 2084 πληθυντικῶν,
819 2002 871 2072 καῖ
897 2002 971 2098 οόχῖ
997 2002 1108 2099 χειρσῖ
1131 1999 1184 2073 διδ

78 2121 142 2195 τῆς
168 2143 201 2184 αι
226 2113 433 2211 διφθόγγον,
458 2117 492 2186 έν
519 2122 569 2206 τῷ
596 2115 804 2206 Ὀνοματικῷ
831 2112 1047 2213 Ἡρωδιανοῦ,
1073 2117 1103 2188 εῖ
1123 2123 1185 2209 θεῷ
1197 2149 1234 2215 ¹5

82 2227 201 2324 φῖλαν,
217 2231 446 2314 μαθησόμεθα.
497 2230 615 2302 Ταῦτα
631 2231 689 2315 μέν
706 2233 738 2301 έν
754 2232 896 2308 τούτοις.

126 2342 252 2437 Ἀξιον
280 2343 315 2415 δέ
341 2347 416 2418 ε’στι
443 2343 595 2445 ζητῆσαι,
618 2343 670 2418 διὰ
696 2345 795 2417 ποῖαν
816 2348 926 2417 αι’τῖαν
948 2348 980 2416 ε’ν
1002 2351 1045 2440 τῆ
1071 2348 1183 2418 λεόνσι

84 2457 199 2552 δοτική
208 2464 273 2530 τῶν
287 2465 508 2544 πληθυντικῶν
519 2460 562 2534 τό
580 2491 599 2532 τ
615 2461 796 2532 ἐπλεόνασε
811 2461 864 2533 καῖ
880 2463 925 2546 μῆ
941 2463 1031 2534 όλλο
1049 2468 1183 2560 φωνῆεν·

85 2574 140 2644 καῖ
156 2574 247 2644 ἔστιν
263 2577 373 2660 εἰπεῖν,
390 2575 444 2647 ὅτι
463 2573 514 2646 διὰ
531 2581 636 2647 τοῦτο
652 2573 696 2647 τὸ
713 2606 732 2648 τ
749 2577 957 2660 ἐπλεόνασεν,
974 2577 1082 2662 ἐπειδή
1102 2575 1145 2650 τό
1164 2609 1184 2650 o

89 2687 141 2758 διὰ
169 2697 227 2771 τῆς
251 2694 439 2786 προσθήκης
463 2698 524 2762 τοῦ
547 2721 566 2762 τ
591 2693 824 2784 μεγεθόνεσθαι
850 2693 1003 2789 πέφυκεν,
1025 2691 1106 2778 οῖον,
1128 2694 1236 2767 τιῖ-ιο

89 2834 232 2881 πτοντος
263 2806 446 2888 τύπτουσα,
480 2805 642 2898 λέγοντος
673 2806 833 2898 λέγουσα,
868 2808 1065 2903 γράφοντος
1101 2805 1187 2904 γρά-

92 2926 212 3016 φουσα,
229 2922 282 2992 καῖ
299 2919 380 2993 αιῖτδ
398 2921 431 2992 δέ
447 2919 491 2992 τδ
509 2921 611 3005 ὄνομα
628 2925 689 2992 τοῦ
714 2919 885 3016 στοιχείου
902 2918 954 2992 διά
971 2928 1032 2992 τοῦ
1050 2953 1069 2993 ο
1090 2922 1143 2993 καῖ
1166 2953 1186 2994 ς

94 3033 259 3130 γράφεται
284 3035 336 3106 καῖ
354 3037 554 3132 ἐκφωνεῖται·
578 3034 623 3107 ,τό
646 3033 680 3106 δέ
706 3065 726 3106 n
749 3037 783 3106 έκ
805 3043 863 3118 τῆς
880 3039 1069 3134 προσθήκης
1083 3043 1146 3110 τοιῖ
1162 3069 1185 3122 ς,

94 3155 188 3242 ήγουν
204 3152 238 3220 ἐκ
253 3157 316 3222 τοιῖ
331 3151 484 3234 ἐναντίου,
502 3153 627 3249 πέφυκε
642 3152 886 3242 μεγεθόνεσθαι,
904 3151 985 3236 οῖον,
1001 3155 1187 3250 τυφθέντος

95 3269 264 3362 τυφθεῖσα,
282 3266 433 3364 δαρέντος
459 3267 604 3364 δαρεῖσα,
624 3267 774 3359 νυγέντος
800 3277 944 3359 νυγεῖσα,
966 3267 1019 3337 καῖ
1045 3265 1126 3338 affra
1152 3265 1234 3360 δέα5

97 3378 136 3452 τδ
155 3411 182 3463 ε,
198 3379 240 3452 τὸ
256 3382 358 3465 ὄνομα
374 3388 436 3452 τοῦ
461 3382 642 3477 στοιχείου,
659 3378 711 3451 διὰ
727 3387 790 3452 τοῦ
807 3410 825 3450 ε
842 3377 893 3450 καῖ
912 3411 924 3450 ι
943 3378 1116 3476 γράφεται
1133 3380 1185 3450 καῖ

98 3499 289 3593 ἐκφωνεῖται.
340 3497 478 3580 Ἐπειδὴ
496 3495 549 3569 οιῖν
567 3497 618 3569 διὰ
643 3506 702 3580 τῆς
727 3501 915 3594 προσθήκης
940 3501 1001 3566 τοῦ
1024 3496 1187 3592 απέφυκε

100 3613 318 3702 μεγεθόνεσθαι
339 3611 382 3682 τὸ
410 3644 440 3694 ο,
457 3615 578 3684 τοιῖτου
600 3610 699 3708 χάριν
724 3614 756 3682 ἐν
780 3617 822 3705 τῆ
848 3611 959 3681 λέουσι
986 3607 1099 3704 δοτική
1122 3614 1187 3681 τῶν

101 3730 308 3807 πληθυντικῶν
337 3723 380 3796 τά
417 3756 436 3795 α
466 3727 515 3819 (τ)
545 3725 742 3796 ἐπλεόνασεν
767 3725 819 3795 καῖ
846 3725 900 3794 οιῖκ
934 3723 1024 3794 ἄλλο
1051 3729 1187 3822 φωνῆεν.

103 3840 208 3910 Ταῦτα
223 3839 281 3923 μὲν
297 3841 329 3910 έν
345 3841 487 3918 τοιῖτοις.
1197 3881 1237 3939 30

148 3953 209 4024 Καῖ
238 3951 339 4027 πάλιν
364 3953 457 4048 ἄξιον
482 3956 557 4026 ε’στῖ
588 3954 730 4055 ζητῆσαι
761 3955 813 4027 διὰ
841 3957 939 4026 ποῖον
968 3957 1075 4028 αῖτῖαυ
1099 3955 1142 4028 τὸ
1167 3987 1186 4027 ο

104 4069 285 4166 προσέλαβε
299 4069 342 4142 τὸ
360 4099 379 4140 ς
396 4073 428 4140 ἐν
443 4078 487 4166 τῇ
503 4072 615 4144 λέουσι
633 4071 746 4165 δοτική
767 4073 819 4142 καῖ
844 4073 888 4156 μή
909 4075 1043 4156 μᾶλλον
1059 4068 1188 4168 ἐτράπη

104 4183 142 4256 τό
157 4215 173 4256 ο
188 4187 228 4262 εῖς
243 4183 287 4256 τὸ
304 4215 337 4256 α.
381 4184 509 4258 Ἔστιν
527 4185 580 4258 οιῖν
597 4189 706 4268 εἰπεῖν,
724 4187 779 4258 ὅτι
797 4189 852 4257 οιῖκ
868 4185 1005 4270 ήδόνατο
1022 4193 1187 4284 τραπῆναι

106 4297 143 4372 τδ
158 4330 174 4370 ο
189 4301 230 4374 εἰς
244 4298 287 4370 τὸ
305 4330 326 4370 α
342 4302 375 4370 ε’ν
391 4306 434 4395 τῆ
449 4301 561 4372 λεόυσι
580 4300 705 4397 δοτική,
723 4301 831 4385 ἐπειδή
849 4303 937 4384 ήνῖκα
962 4303 1023 4397 ἔχη
1040 4306 1059 4383 ή
1076 4301 1188 4383 δοτική

108 4419 162 4486 τῶν
176 4420 391 4498 πληθυντικῶν
407 4415 450 4488 τὸ
474 4445 506 4500 α,
529 4418 582 4488 καῖ
608 4421 626 4498 ή
652 4415 763 4500 δοτική
788 4423 853 4490 τῶν
875 4418 980 4488 ἑνικῶν
1005 4414 1086 4488 αιῖτῖι
1109 4416 1187 4512 ἔχει,
1198 4459 1237 4522 35
