2954 5020
19 351 99 434 ρει.
425 357 491 418 αις
512 353 568 419 το
591 359 885 422 οιιοιικτικου.
1163 371 1203 440 79

109 537 129 568 “
141 525 185 610 μῆ
200 526 324 624 ἔχοντα
340 526 496 610 θηλυκδν”
513 525 565 600 διά
587 527 630 601 τό
656 527 738 601 ι’ίκων
762 527 911 618 ι’ίκοντος,
932 529 1077 614 σημαίνει
1122 527 1138 600 δ
1161 527 1205 601 τό

108 641 263 726 άκόντιον,
282 641 320 737 ἐξ
335 643 373 715 οὗ
387 644 439 714 καὶ
457 642 500 716 τό
523 647 579 737 [ll.
598 642 635 715 ω’.
651 646 732 737 451]

429 772 456 828 ίς
469 772 566 826 δοῦτον
579 770 692 826 ἀκόντων

108 873 195 971 ταρὰ
210 880 259 966 τῷ
278 880 411 969 τοιητῇ,
423 881 526 947 τοῦτο
541 873 610 974 γάρ
624 873 676 948 διά
689 883 751 950 τοῦ
765 907 806 948 ιιτ
818 878 974 965 κλίνεται,
984 879 1036 950 καί
1052 877 1205 962 δηλονότι

107 993 264 1085 τρέπουσι
278 989 476 1088 (τρόπει)τδ
493 1022 514 1063 α
528 995 570 1069 εἰς
586 990 629 1063 τό
647 1023 666 1063 ο
684 995 716 1064 ἐν
732 999 775 1087 τῆ
792 1001 909 1088 γενικῆ,
928 993 1004 1065 ἀλλ’
1023 995 1091 1092 ἔχει
1111 998 1208 1075 θηλυ-
1216 1021 1233 1080 5

106 1105 168 1190 τόν,
185 1105 229 1178 τό
249 1103 374 1177 άκαινα·
399 1108 550 1184 ὡσαίττως
566 1109 618 1178 καί
635 1107 678 1180 τὸ
696 1105 882 1206 δράκοντος,
899 1109 978 1206 ἔχον
1000 1105 1137 1192 θηλυκόν
1154 1105 1207 1179 διά

106 1229 165 1294 τοῦ
181 1253 277 1305 Am,
295 1219 365 1293 οίον
382 1218 545 1320 δράκοινα,
564 1221 615 1294 διά
632 1229 695 1296 τοῦ
712 1253 755 1296 υτ
772 1225 893 1308 ἐκλίθη,
910 1225 963 1295 καὶ
984 1223 1027 1296 τό
1050 1225 1156 1321 κόριον
1174 1222 1208 1294 δὲ

107 1339 207 1422 ὄνομα
232 1341 312 1436 παρ’
331 1343 405 1422 ήμΐν
424 1340 484 1422 τῆν
506 1341 604 1423 αὐτήν
626 1341 734 1411 κλίσιν
752 1335 918 1437 φυλάττει
938 1336 1129 1437 Δράκοντος
1145 1343 1208 1410 τοῦ

107 1454 363 1551 Στρατονικέως.
378 1455 584 1552 Πρόσκειται
591 1468 611 1498 “
617 1458 695 1555 παρ’
702 1457 806 1540 ήμῖν,”
813 1454 921 1539 ε’τειδῆ
932 1459 965 1527 οί
974 1454 1110 1532 Αἰολεῖς
1116 1451 1209 1552 Δρά-

105 1601 194 1650 κονος
205 1568 411 1670 (Δράκωυας)
424 1574 567 1668 εἰρήκασι
580 1573 640 1655 τῆν
651 1571 776 1665 γενικήν
789 1569 840 1643 διά
854 1579 916 1644 τοῦ
928 1603 949 1644 ο
960 1571 1014 1642 ε’τί
1027 1578 1089 1643 τοῦ
1101 1571 1208 1667 κυρίου
1221 1605 1256 1645 ιο

106 1687 277 1770 ὀνόματος,
294 1693 343 1778 τῷ
355 1686 461 1758 κανόνι
478 1693 527 1777 τῷ
542 1689 766 1785 τρολεχθόντι
783 1689 946 1772 ἑπόμενοι·
975 1685 1043 1778 (εἰτί
1061 1685 1131 1785 γάρ
1147 1692 1209 1759 τοῦ

106 1805 216 1901 θηρίου
240 1803 294 1874 καί
320 1801 413 1874 advo}
438 1799 639 1900 δράκοντος)
664 1802 707 1875 τδ
726 1801 760 1875 δὲ
781 1801 902 1874 Λάκων
920 1801 1087 1886 Λάκωνος,
1105 1805 1134 1874 εί
1156 1804 1208 1874 καί

106 1919 170 2016 ἔχει
196 1918 336 2002 θηλυκόν
359 1916 411 1989 διά
435 1923 498 1989 τοῦ
518 1947 599 1990 Anu
621 1917 664 1990 τό
683 1917 843 2002 Λάκαινα,
862 1920 939 1991 ἀλλ’
959 1917 1012 1991 οὖν
1028 1923 1078 2011 τῷ
1101 1919 1208 1991 κανόνι

107 2041 154 2126 τῷ
168 2035 393 2132 τρολεχθόντι
411 2031 558 2130 ἐφύλαξε
572 2031 616 2106 τό
634 2065 655 2106 ιι
671 2035 724 2107 ἐπὶ
741 2045 800 2120 τῆς
818 2045 950 2129 γενικῆς,
965 2033 1035 2107 οίον
1050 2035 1210 2133 Χαρίτων

109 2147 313 2247 Χαρίτωνος,
351 2145 511 2220 Σαλάκων
545 2146 750 2234 Σαλάκωνος,
789 2150 961 2249 Ἀρίστων
994 2151 1208 2250 Ἀρίστωνος,
1221 2189 1255 2249 ¹5

106 2263 257 2338 Ἑκάτων
293 2263 492 2350 Ἐκάτωνος,
528 2262 688 2362 Κεράτων
727 2264 933 2365 Κεράτωνος·
972 2265 1015 2338 τά
1059 2263 1210 2364 Τριάκων

43 2451 58 2512 6
109 2381 195 2470 (ἔστι
218 2381 254 2453 δὲ
280 2382 383 2466 ὄνομα
407 2382 528 2477 κόριον)
547 2379 599 2452 διὰ
620 2387 683 2454 τοῦ
704 2411 746 2454 υτ
765 2384 886 2466 ε’κλίθη,
905 2382 975 2454 οἷον
992 2381 1208 2481 Τριάκοντος,

58 2469 75 2535 ⁵
87 2475 158 2568 Εκαί
182 2499 262 2575 ἴσως
283 2496 390 2580 ε’ταδῆ
412 2503 541 2591 γειτνιᾷ
563 2502 667 2569 τοῦτο
692 2503 740 2589 τῷ
761 2496 942 2597 τριάκοντα
965 2499 1102 2597 άριθμιῆ.
1155 2497 1209 2571 Τό

108 2615 219 2694 μέντοι
246 2611 397 2712 θεράπων
422 2610 624 2711 θεράποντος
648 2615 689 2690 ὡς
713 2615 792 2710 ἔχον
815 2613 961 2698 θηλυκόν,
982 2615 1072 2708 λε’γω
1097 2614 1134 2698 δή
1157 2612 1209 2686 διά

109 2735 168 2800 τοῦ
184 2759 278 2812 Anu,
297 2729 383 2827 φημί
401 2727 437 2811 δή
457 2725 500 2799 τά
523 2727 713 2826 θεράπαινα,
731 2727 784 2801 διά
808 2737 871 2803 τοῦ
895 2761 937 2802 τις
960 2731 1070 2813 ε’κλίθη
1092 2730 1210 2814 ὁμοίως
1220 2763 1257 2803 ιο

108 2851 154 2934 τῷ
170 2845 254 2916 λέων
270 2845 406 2922 λεόντος
421 2846 544 2916 λέαινα.

156 2959 214 3031 Τὰ
240 2961 284 3037 είς
309 2989 353 3032 αιι
379 2963 530 3053 λήγοντα
556 2958 746 3050 δισύλλαβα
770 2963 950 3061 βορότανα,
968 2963 1070 3059 κύρια,
1086 2962 1209 3058 ἔχοντα

109 3075 174 3171 τρὸ
196 3081 261 3148 τοῦ
283 3106 304 3148 α
323 3077 357 3146 ἔν
377 3077 412 3147 τι
434 3079 500 3146 τῶν
519 3075 749 3162 ἀμεταβόλων,
766 3077 925 3150 τουτέστι
944 3107 976 3160 ιι,
995 3107 1030 3159 ιι,
1049 3107 1083 3160 τι,
1101 3106 1130 3159 1³,
1148 3083 1211 3175 φυ-

108 3189 274 3265 λάττουσι
298 3189 342 3263 τδ
367 3221 389 3262 α
412 3190 468 3260 ε’τί
492 3198 550 3273 τῆς
576 3200 709 3284 γενικῆς,
728 3191 868 3290 Ἕρμων
886 3192 1072 3290 Ἕρμωνος,
1096 3190 1211 3277 Τίμων

110 3305 268 3390 Τίμωνος,
287 3307 402 3378 Κόνων
419 3305 581 3390 Κόνωνος,
595 3307 725 3390 Ῥήιιων
742 3307 919 3392 Ῥήμωνος,
941 3309 1043 3380 Σίνων
1061 3309 1208 3389 Σίνωνος,
1220 3339 1256 3402 25

109 3423 234 3494 Φαίνων
251 3423 423 3504 Φαίνωνος,
445 3421 553 3504 Ζήνων
573 3421 725 3506 Ζήνωνος,
748 3424 877 3496 Μόλων
896 3424 1069 3506 Μόλωνος,
1092 3424 1211 3494 Δόλων

110 3537 275 3621 Δόλωνος,
300 3537 411 3608 Φίλων
436 3537 593 3620 Φίλωνος,
624 3539 734 3610 Γελων
765 3540 920 3621 Γελωνος,
948 3539 1091 3609 Πόλλων
1117 3537 1211 3609 Πελ-

109 3659 220 3736 λωνος,
239 3651 362 3723 Πόλων
381 3651 547 3736 Πυλωνος,
571 3652 691 3726 Χελων
713 3654 878 3737 Χίλωνος,
906 3655 1020 3752 θήρωυ
1046 3655 1209 3755 θήρωνος,

110 3766 235 3866 Χάρων
250 3766 420 3866 Χάρωνος,
436 3766 566 3865 Χείρων
582 3768 758 3867 Χείρωνος,
777 3770 845 3861 (ἐπί
865 3777 928 3842 τοῦ
944 3771 1144 3871 Κενταύρου·
1166 3772 1210 3845 τό

110 3882 177 3983 γάρ
195 3882 407 3982 συγκριτικόν
423 3885 537 3981 τρὲτει
554 3881 597 3956 τό
615 3915 636 3955 α
654 3888 696 3962 είς
712 3883 755 3956 τό
778 3917 796 3957 ο
818 3886 872 3957 ἕτί
897 3895 956 3970 τῆς
982 3898 1115 3981 γενικῆς,
1141 3886 1210 3960 οίον
1218 3921 1257 3979 30

110 4001 268 4096 χείρονος,
292 3998 347 4069 ε’τί
376 4005 438 4071 τοῦ
469 3998 676 4096 ε’λάττονος,)
703 4000 846 4097 Μαόρων
872 4001 1061 4100 Μοόρωνος,
1094 4005 1210 4101 Νέρων

111 4113 273 4212 Νέρωνος,
290 4111 413 4212 Νάρων
429 4112 586 4211 Νάρωνος
602 4117 798 4211 (ποταμός)
823 4113 866 4187 τά
885 4116 954 4215 γὰρ

513 4243 629 4314 Νόρονος
642 4241 722 4314 ὄχθας

112 4343 202 4441 ταρά
227 4350 277 4436 τῷ
302 4341 473 4442 Νικάνδρῳ
500 4350 609 4434 [Ther.
627 4349 704 4435 607]
730 4344 782 4418 διά
807 4345 850 4419 τά
876 4349 999 4446 με’τρον
1024 4347 1209 4432 συνεστάλη
