2982 5022
301 309 321 373 8
593 311 796 373 ΓΕΩΡΓΙΟΎ
816 309 1110 374 ΧΟΙΡΟΒΟΣΚΟΎ

299 481 397 566 λκαῖ
422 479 580 554 πλειόνων
604 478 722 576 λέξεων
747 480 926 575 γινόμενον·
953 481 988 552 έκ
1012 479 1067 554 δίο
1092 479 1162 568 μέν,
1186 480 1266 567 οῖον,
1290 482 1407 580 Ἀγα-

298 600 435 686 μέμνων,
465 595 557 690 παρὰ
586 596 629 670 τδ
660 595 748 691 ἄγαν
771 597 824 669 καῖ
853 592 896 669 τῖι
925 597 1038 680 μένειν·
1065 598 1124 679 Ικαῖ
1148 595 1191 670 τὸ
1217 598 1404 696 Μενέλαος,

299 712 392 814 παρὰ
417 712 461 790 τδ
486 713 589 799 μένειν
615 710 684 812 γὰρ
709 713 762 784 καῖ
786 711 831 786 τὸ
855 713 946 790 λαός·
977 710 1045 786 dm)
1069 711 1103 784 δέ
1124 715 1292 798 πλειόνων,
1319 717 1403 804 οῖον,

211 849 253 916 33
270 827 535 902 οπεντεκαίδεκα·
562 834 667 900 τοῦτο
686 825 755 925 γὰρ
773 824 841 898 ῖιπδ
862 832 961 925 τριῶν
982 828 1151 922 σύγκειται
1172 828 1301 924 λέξεων.
1331 831 1404 902 ἀπὸ

299 941 367 1042 γῖιρ
384 949 447 1016 τοῦ
462 943 561 1016 πέντε
576 943 729 1041 ἀριθμοῦ,
744 943 798 1012 καῖ
817 948 880 1014 τοῦ
900 943 954 1014 καῖ
971 941 1160 1027 συνδέσμου,
1177 945 1310 1016 καὶτοῦ
1325 944 1428 1022 δέκα5

298 1059 449 1156 ιἰριθμοῖι.
488 1057 749 1155 Παροσιίνθετον
766 1055 800 1129 δέ
815 1058 891 1130 ε’στῖ
913 1056 957 1131 τδ
977 1056 1046 1130 ἀπὸ
1068 1058 1224 1130 συνθέτου
1245 1061 1404 1156 παραγό-

297 1205 403 1260 μενον,
423 1173 468 1258 μῖη
490 1173 603 1257 μέντοι
626 1171 894 1270 προσλαμβάνον
914 1173 1030 1272 ἑτέραν
1051 1171 1150 1268 λέξιν·
1177 1175 1257 1261 οῖον,
1273 1179 1314 1254 ὡς
1331 1176 1401 1250 ἆπδ

297 1297 360 1362 τοῦ
393 1288 611 1384 Ἀγαμέμνων
643 1288 802 1362 συνθέτου
842 1287 1104 1381 Ἀγαμεμνόνιος
1140 1294 1401 1389 παρασιίνθετον,

297 1407 351 1478 καῖ
379 1403 448 1478 ἆπδ
477 1410 539 1479 τοῦ
567 1402 802 1504 Ἀριστάρχου
831 1405 988 1478 συνθέτου
1017 1404 1262 1505 Ἀριστιίρχιος
1291 1441 1401 1509 παρα-

298 1523 463 1595 σιίνθετον·
498 1517 566 1592 ἆπδ
592 1518 661 1618 γὰρ
683 1527 745 1593 τοῦ
769 1518 908 1618 ἄριστος
929 1522 981 1594 καῖ
1007 1529 1070 1595 τοῦ
1094 1522 1187 1622 ίίρχω
1212 1527 1315 1599 ἐστίν·
1344 1529 1400 1601 καῖ
1413 1562 1445 1602 ιο

297 1633 401 1708 πιίλιν
421 1634 490 1708 ἆπδ
514 1642 577 1709 τοῦ
596 1635 738 1734 Ἀτρεῖις
762 1636 919 1708 συνθέτου
943 1635 1115 1735 Ἀτρείδης
1137 1641 1399 1738 παραστίνθετον,

297 1753 350 1824 καῖ
384 1750 604 1846 Ἀγαμέμνων
634 1749 927 1845 Ἀγαμεμνονίδης,
955 1753 1008 1824 καῖ
1042 1752 1181 1853 Ἀτρεὺς
1213 1757 1399 1856 Ἀτρείδης.

289 1867 403 1940 Ἔστι
420 1865 455 1939 δέ
471 1865 514 1940 τὸ
531 1865 670 1964 Ἀτρεῖις
686 1866 842 1939 σύνθετον
858 1864 951 1964 παρὰ
967 1865 1010 1939 τδ
1027 1865 1048 1938 ιί
1065 1868 1260 1968 στερητικὸν
1280 1875 1333 1945 καῖ
1354 1875 1399 1948 τδ

296 1994 388 2082 τρεῖν
408 1981 452 2056 τδ
475 1993 631 2068 σημαῖνον
653 1981 697 2054 τῖι
721 1984 916 2080 φοβεῖσθαι·
944 1986 1038 2056 οῖονεῖ
1062 1987 1081 2056 5
1105 1989 1316 2085 ἐστερημένος
1336 1997 1401 2062 τοιῖ

298 2102 495 2198 φοβεῖσθαι.
539 2098 746 2197 Πρδσκειται
767 2109 790 2141 “
801 2100 846 2184 μὴ
868 2099 980 2184 μέντοι
999 2099 1267 2197 προσλαμβάνον
1282 2104 1399 2202 ἑτέραν
1413 2125 1445 2184 15

296 2213 415 2310 λέξιν,”
437 2213 544 2298 έπειδῖη
567 2213 622 2286 έδν
645 2212 830 2311 προσλάβῃ
851 2217 966 2315 έτέραν
988 2215 1077 2311 λέξιν
1100 2218 1205 2289 οὐκέτι
1231 2221 1400 2316 παρασυν-

298 2336 395 2404 θιτον
419 2339 580 2415 καλεῖται,
602 2332 680 2401 ἄλλ’
697 2333 747 2402 ἔτι
773 2333 857 2415 μένει
884 2333 1049 2414 σιίνθετον,
1071 2335 1111 2410 ὡς
1135 2333 1189 2404 έπῖ
1218 2341 1281 2407 τοῦ
1303 2341 1400 2420 συνή-

297 2475 400 2542 γορος
416 2445 640 2541 εθσυνῆγορος,
657 2445 847 2532 σύμβουλος
864 2447 1095 2534 εὐσέμβουλος,
1108 2448 1278 2546 κένταυρος
1294 2452 1399 2522 ἱππο-

295 2562 477 2658 κένταυρος·
503 2560 577 2632 ἔστι
603 2558 638 2630 δέ
662 2553 705 2631 τδ
726 2561 896 2658 κένταυρος
919 2563 1074 2635 σύνθετον
1099 2561 1191 2662 παρὰ
1216 2564 1259 2636 τὸ
1282 2571 1398 2640 κεντιῖν

295 2677 356 2760 τὴν
369 2674 480 2774 αδραν,
493 2681 592 2768 ἤγουν
604 2676 664 2759 τὴν
676 2681 787 2760 πνοήν·
805 2677 895 2774 φασί
913 2676 981 2776 γὰρ
996 2677 1057 2750 τὸν
1071 2675 1195 2773 Ἰξίονα
1212 2689 1271 2763 τῆς
1280 2679 1398 2780 Ἥρας
1408 2707 1447 2746 ²0

295 2793 507 2876 δμοιιοθείσης
533 2791 653 2889 νεφέλη
683 2792 873 2885 συνεγένετο
903 2795 995 2889 αὐτῇ,
1020 2791 1060 2888 ῖξ
1086 2795 1120 2878 ἥς
1148 2797 1335 2894 ἐτέχθησαν
1364 2803 1398 2894 σι’

295 2909 473 3006 κένταυροι.
509 2906 578 2978 Ka}
596 2912 702 2980 ταῦτα
718 2905 777 2991 μέν
793 2907 869 3006 περῖ
886 2906 1079 3006 σχημάτων.

710 3123 801 3196 Πανὶ
820 3121 980 3196 ιῖνιειιὸυ.

347 3255 505 3354 Ἀριθμοί
529 3255 592 3328 είσῖ
615 3265 713 3353 τρεῖς,
730 3253 839 3339 ένικδς,
858 3253 968 3339 δυῖκδς,
986 3257 1038 3328 καί
1056 3261 1282 3342 πληθυντικός.
1325 3259 1396 3331 Καί

296 3371 395 3451 ένικδς
410 3371 469 3462 μέν
486 3373 578 3444 έστῖν
594 3375 613 3443 5
634 3374 668 3442 έν
684 3403 718 3443 τι
738 3358 904 3456 σημαῖνδν,
922 3371 1001 3455 οῖον,
1019 3371 1115 3451 Αἴας·
1134 3373 1235 3452 δυΐκδς
1252 3373 1287 3446 δέ
1302 3377 1322 3445 5
1340 3375 1395 3447 διίο
1407 3401 1446 3460 ²5

297 3473 465 3576 σημαῖνδν,
482 3488 562 3572 οῖον,
579 3485 716 3558 Α’ίσντε·
741 3486 956 3570 τληθνντικδς
973 3487 1006 3560 δέ
1026 3491 1045 3560 5
1062 3499 1149 3586 τρεῖς
1165 3491 1217 3562 καί
1241 3493 1395 3570 πλείονας

296 3605 469 3693 σημαίνων,
488 3603 568 3688 οῖον,
586 3604 619 3674 οῖ
633 3599 784 3678 Αἴαντες·
809 3603 896 3698 ἇρχῖη
914 3601 983 3700 γὰρ
1000 3608 1145 3686 πλήθους
1161 3605 1181 3674 5
1196 3615 1286 3702 τρεῖς
1301 3607 1397 3706 ἇριθ-

295 3719 357 3805 μθς
372 3719 474 3790 ε’στίν.

709 3813 800 3886 Πενῖ
819 3813 983 3890 ατέειιαιι.

346 3946 433 4044 Περῖ
455 3951 521 4018 τῶν
541 3947 696 4016 πτώσεων
711 3945 818 4018 τοίνυν
831 3948 975 4030 θέλομεν
991 3947 1170 4036 διαλαβεῖν·
1196 3947 1302 4048 ἧγᾶρ
1320 3950 1399 4021 ἆκο-
1407 3976 1455 4033 30

294 4063 411 4134 λουθία
441 4067 545 4134 τοῦτο
574 4061 718 4135 ἆποιτεῖ.
761 4061 891 4134 Ἰστέον
916 4062 951 4134 δέ
977 4063 1031 4136 δτι
1059 4067 1203 4142 πτιῖσεις
1227 4064 1399 4150 δνομιίτων

294 4176 358 4248 εῖσῖ
392 4175 499 4248 πέντε·
533 4175 625 4274 δρθῖι,
654 4175 775 4268 γενικῖη,
805 4175 927 4263 δοτικῖη,
958 4180 1133 4268 αῖτιατικῖη,
1165 4181 1218 4251 καῖ
1247 4189 1398 4266 κλητικῆ.

296 4290 450 4369 Πτιῖσεις
470 4289 506 4364 δέ
528 4291 629 4364 πέντε
652 4291 689 4362 οιῖ
711 4292 829 4390 κυρίως,
853 4291 944 4364 ἆλλᾶ
967 4301 1247 4392 καταχρηστικῶς·
1283 4301 1302 4379 ἡ
1328 4297 1399 4396 γὰρ

293 4408 397 4482 adoaia
420 4407 478 4478 σιῖκ
502 4390 576 4478 ε’σπί
602 4407 711 4502 κυρίως
734 4413 870 4494 πτῖσσις,
892 4407 982 4482 ἀλλὰ
1007 4417 1290 4510 καταχρηστικῶς.
1328 4411 1398 4484 Καί
