2954 5024
19 317 55 385 ι’.
395 325 471 386 4ΕΙΣ
493 325 549 386 ΤΟ
571 324 866 386 ΟΝΟΜΛΤΙΚΟΝ.
1129 333 1191 402 217

68 491 158 566 οῖον
193 493 336 578 Πηλέος.
392 495 455 566 Δεῖ
487 496 656 588 γινώσκειν
689 495 743 567 ίίτι
777 495 866 578 ὴνίκα
899 493 958 578 μὲν
989 502 1188 591 συναιρεῖται

65 615 91 695 »5
129 612 241 706 γενικὴ
269 617 335 684 τῶν
360 613 466 684 ἑνικῶν
493 611 578 684 τότε
606 611 658 682 καί
686 614 704 694 »5
731 611 838 706 γενικὴ
862 616 928 683 τῶν
953 607 1061 682 δνῖκῶν
1084 609 1139 681 κοῖ
1168 611 1187 694 »5

67 729 194 822 γενικὴ
233 733 299 800 τῶν
331 732 554 811 πληθυντικῶν
587 732 823 824 συναιροῦντοι,
857 726 927 797 οίον
960 725 1187 810 Δημοσθένεος

69 843 323 926 Δημοσθένους,
341 843 582 926 Δημοσθενίοιν
602 844 840 928 Δημοσθενοῖν,
863 841 1097 928 Δημοσθενέων
1119 844 1188 926 Δη-

69 963 260 1042 ιιοσθενῶν,
278 959 458 1044 Διομήδεος
475 957 668 1044 Διομήδους,
687 959 881 1044 Διομηδέοιν
898 957 1087 1044 Διομηδοῖν,
1104 961 1211 1038 Δια-5

67 1075 204 1160 μηδέων
221 1075 402 1161 Διομηδῶν,
419 1077 546 1174 τείχεος
569 1077 711 1174 τείχους,
733 1075 875 1173 τειχέοιν
897 1085 1035 1173 τειχοῖν,
1050 1075 1186 1173 τειχέων

66 1197 212 1287 τειχῶν·
244 1193 332 1274 ῆνίκα
358 1191 392 1264 δὲ
415 1190 460 1278 μὴ
486 1203 685 1292 συναιρεῖται
712 1195 731 1275 »5
756 1192 863 1285 γενικὴ
885 1197 952 1264 τῶν
971 1193 1086 1274 ἑνικῶν,
1102 1193 1186 1264 τότε

71 1310 161 1379 οὔτε
185 1310 204 1389 ῆ
231 1307 338 1400 γενικὴ
367 1313 434 1380 τῶν
460 1307 577 1392 δυῖκῶν,
600 1310 676 1380 οὔτε
701 1311 719 1390 »5
746 1307 853 1401 γενικὴ
878 1312 944 1378 τῶν
962 1311 1187 1390 πληθυντικῶν

69 1428 319 1518 συναιροῦνται,
350 1421 419 1496 οίον
448 1425 527 1522 ὄφις
553 1425 667 1524 ὄφεος,
693 1425 811 1524 δφέοιν
838 1423 959 1522 ὀφέων,
988 1423 1093 1521 ταχδς
1121 1455 1185 1495 τα-

70 1539 160 1636 χέος
188 1540 325 1636 ταχέοιν
352 1541 492 1638 ταχέων,
518 1541 588 1624 ῆδῖνς
614 1541 703 1625 ῆδέος
729 1540 833 1624 ῆδέοιν
862 1539 967 1623 ῆδέων.
1018 1539 1105 1612 Ἰδοίι
1128 1539 1182 1613 ἐπὶ
1196 1578 1232 1619 ιο

69 1655 218 1741 τούτων,
236 1653 343 1739 ἐπειδὴ
369 1657 406 1728 οὗ
430 1667 628 1756 συναιρεῖται
655 1663 673 1741 »5
704 1659 812 1751 γενικὴ
836 1663 901 1728 τῶν
921 1659 1037 1741 ἑνικῶν,
1063 1659 1140 1730 οὔτε
1165 1663 1183 1740 »5

72 1773 190 1867 γενικὴ
206 1777 272 1842 τῶν
289 1770 396 1844 δυῖκῶν
413 1773 488 1844 οὗτε
505 1775 522 1856 »5
540 1774 648 1866 γενικὴ
663 1778 730 1846 τῶν
751 1777 974 1856 πληθυντικῶν
998 1779 1183 1871 συναιροῦν-

71 1919 149 1970 ται,
163 1883 233 1958 οἷον
246 1886 393 1970 Πηλέοιν
407 1886 556 1971 Πηλέων.
591 1889 665 1959 “Ὦ
679 1889 793 1974 Πηλέε
808 1892 836 1962 οῖ
851 1889 985 1974 Πηλῆ.”
1015 1889 1172 1987 Εἴρηται.

127 2003 180 2073 Ἡ
197 2005 301 2076 εὐθεῖα
317 2008 383 2075 τῶν
398 2009 621 2088 πληθυντικῶν
638 2009 671 2078 οῖ
688 2003 817 2090 Πηλέος
832 2006 885 2077 καῖ
902 2009 936 2078 οἱ
951 2005 1087 2088 Πηλεῖς.

130 2119 261 2216 Ἰστέον
277 2119 331 2192 ὅτι
349 2119 404 2190 ἐπί
421 2123 486 2193 τῶν
503 2123 546 2197 είς
563 2151 622 2192 m
641 2121 753 2220 κυρίων
770 2124 788 2203 »5
804 2123 908 2193 εὐθεῖα
924 2127 990 2194 τῶν
1006 2127 1185 2206 πληθυντι-
1195 2156 1230 2216 15

73 2241 140 2307 κῶν
157 2234 203 2307 τὰ
229 2233 284 2306 δύο
310 2265 352 2306 nu
378 2238 421 2313 είς
445 2237 506 2319 τὴν
524 2267 556 2308 ιιι
581 2237 776 2337 δίφθογγον
793 2239 981 2336 συναλείφει
998 2239 1110 2323 μόνως,
1128 2240 1182 2311 ε’πῖ

74 2351 114 2422 δὲ
129 2357 197 2423 τῶν
211 2351 255 2436 μὴ
273 2353 374 2424 ὄντων
390 2352 502 2450 κυρίων
518 2355 562 2432 είς
577 2355 639 2438 τὴν
656 2385 690 2427 ιιι
715 2354 909 2452 δίφθογγον
925 2357 1114 2452 συναλείφει
1136 2355 1182 2429 τῶ

75 2467 135 2540 διίο
154 2498 197 2540 εκ
213 2469 265 2540 καί
282 2471 325 2546 είς
340 2466 383 2540 τῶ
401 2497 424 2538 n
440 2466 617 2555 Ἀττικῶς,
637 2471 792 2558 βασιλέες
816 2472 969 2558 βασιλεῖς
994 2468 1047 2542 διὰ
1068 2479 1127 2555 τῆς
1148 2501 1182 2543 21

76 2583 286 2683 διφθιίγγου,
303 2585 356 2656 καῖ
373 2586 518 2674 βασιλῆς
533 2583 698 2663 Ἀττικῶς
715 2585 768 2657 διὰ
785 2593 847 2658 τοῦ
864 2616 898 2658 n.
939 2585 989 2654 ‘H
1008 2585 1042 2657 δὲ
1057 2588 1183 2659 τούτων

76 2700 245 2784 αι’τιατικὴ
263 2697 315 2772 διὰ
331 2710 390 2785 τῆς
407 2731 440 2772 ιιι
459 2700 654 2798 διφθόγγου
669 2702 772 2786 μόνως
787 2702 938 2794 λέγεται,
955 2702 1060 2773 οὐκέτι
1078 2701 1113 2772 δὲ
1128 2703 1180 2773 καῖ
1192 2735 1230 2776 οο

76 2814 132 2888 διὰ
165 2822 229 2888 τοῦ
263 2845 297 2898 n,
332 2817 401 2888 οἷον
428 2816 505 2894 τοὺς
538 2819 701 2906 βασιλεῖς,
734 2816 810 2894 τοὺς
842 2819 963 2899 ῖππεῖς,
991 2817 1044 2886 καῖ
1077 2823 1180 2888 τοῦτο

76 2932 232 3027 ευλιίγως,
259 2931 367 3016 ἐπειδὴ
398 2935 474 3004 οὔτε
502 2934 535 3004 ἐν
560 2941 604 3027 τῆ
633 2933 736 3025 εὐθείᾳ
763 2937 829 3005 τῶν
855 2936 1077 3015 πληθυντικῶν
1105 2933 1180 3003 ἔστι

77 3049 199 3143 γνησία
217 3051 236 3132 »5
252 3052 366 3146 κρᾶσις
383 3051 401 3130 »5
418 3054 483 3120 τῶν
499 3047 553 3119 δίο
572 3079 613 3120 κα
630 3051 673 3126 είς
694 3045 737 3120 τδ
756 3077 790 3120 ιι.
841 3045 1034 3132 Ἐμᾶθομεν
1054 3044 1122 3146 γὰρ
1147 3049 1181 3118 έν

76 3177 152 3244 τοῖς
172 3167 413 3262 προλαβοῦσιν,
435 3165 489 3237 ὅτι
512 3163 558 3237 τὰ
584 3163 638 3236 δύο
663 3194 705 3236 κα
728 3165 761 3235 έν
785 3174 857 3242 τοῖς
885 3167 1112 3247 πληθυντικοῖς
1138 3167 1180 3242 είς

7 3307 23 3356 2
38 3313 59 3356 a
77 3284 140 3365 τὴν
158 3311 191 3354 τι
217 3281 409 3380 δίφθογγον
424 3281 601 3378 κίρνανται,
624 3277 693 3351 οῖον
710 3281 932 3363 Δημοσθένεες
950 3281 1178 3365 Δημοσθένεις,
1190 3314 1225 3375 25

78 3397 256 3482 Διομηδεες
268 3395 451 3480 Διομῆδεις.
503 3396 700 3479 Σημειοῶται
718 3393 752 3466 δὲ
768 3397 787 3464 ὁ
802 3393 1005 3492 Ἡρωδιανὸς
1021 3392 1113 3490 παρὰ
1130 3403 1180 3486 τῷ

78 3515 256 3611 Σοφοκλεῖ
279 3511 356 3589 τοὺς
383 3513 527 3600 βασιλῆς
550 3508 602 3583 διδι
624 3517 687 3583 τοῦ
710 3539 733 3580 n
757 3509 987 3606 γραφομένους
1008 3506 1094 3580 κατὰ
1118 3510 1179 3591 τὴν

77 3629 270 3711 αι’τιατικὴν,
289 3624 358 3698 οἷον
380 3616 446 3721 [Aj.
464 3631 554 3720 390.]

240 3751 301 3811 τούς
313 3775 343 3808 τι
356 3753 498 3825 διστάρχας
511 3749 614 3809 ὤλεσας
626 3753 750 3820 βασιλῆς.

69 3857 183 3930 Ἔστι
197 3856 296 3928 δὲκαὶ
312 3855 404 3953 παρὰ
420 3863 469 3948 τῷ
483 3855 674 3954 Ξενοφῶντι
694 3859 828 3948 [Cyrop.
843 3862 871 3926 Ι.
889 3879 916 3938 1,
930 3857 974 3947 2.]
991 3855 1067 3933 τοὺς
1081 3863 1178 3940 νομῆς
1186 3889 1226 3948 30

77 3972 131 4046 διὰ
148 3979 211 4044 τοῦ
231 4001 267 4044 n.
314 3971 397 4044 Εἰσί
416 3971 450 4044 δέ
466 3971 518 4042 καί
542 3970 644 4043 ἄλλοι
667 3969 855 4052 αἰτιατικαῖ,
873 3969 1011 4049 ἅστινας
1026 3973 1179 4055 ἐσημειώ-

78 4120 186 4163 σαντο
203 4091 237 4159 οἱ
250 4089 526 4186 μεταγενέστεροι
544 4084 595 4158 διὰ
612 4092 674 4158 τοῦ
691 4117 714 4157 ιι
733 4087 903 4180 γινομένας
918 4085 1010 4184 παρὰ
1025 4089 1085 4171 τὴν
1102 4089 1180 4160 ἀνα-

78 4205 211 4299 λογίαν.

128 4333 149 4364 “
165 4319 241 4391 Τῶν
259 4317 429 4402 Πηλέων.”

128 4435 258 4508 Ἰστέον
274 4434 329 4506 ὅτι
351 4436 387 4506 οὗ
403 4444 601 4530 συναιρεῖται
618 4433 757 4506 ἐνταῦθα
775 4437 793 4517 »5
808 4434 914 4527 γενικὴ
927 4439 992 4505 τῶν
1002 4439 1178 4517 τληθυντι·
1187 4472 1224 4534 35

595 4547 647 4610 rs
