2966 5014
403 341 470 401 ΕΙΣ
490 341 547 400 TO
570 339 863 401 ONOMATIKON.
1119 354 1179 421 149

68 517 115 591 εἰς
135 540 194 583 τη.
226 521 247 552 “
259 509 348 607 Παρ’
359 508 551 606 οὐδετέρων”
560 509 756 606 πρόσκειται
770 519 792 552 “
803 507 1058 593 συντεθειμένα,”
1088 505 1120 580 ιὰ
1137 506 1180 580 τὸ

69 631 155 712 νίκη,
184 625 436 708 Ὀλυμπιονίκης
463 625 727 709 Ὀλυμπιονίκαν·
756 632 860 698 τοῦτο
890 623 958 723 *γὰρ
985 626 1037 697 καῖ
1068 628 1111 704 είς
1137 655 1181 696 nx

69 747 150 816 ἔστι
179 743 232 814 καῖ
258 743 424 824 σύνθεπον,
441 741 517 812 ἀλλ’
537 741 622 826 ὅμως
642 743 698 812 οὐκ
720 742 788 838 ἔχει
813 744 857 819 εἷς
880 771 940 812 ουτ
962 741 1022 825 τῆν
1044 743 1181 835 γενικῆν,

71 862 155 932 ἁλλ’
182 862 225 936 εἰς
249 859 309 941 τῆν
335 888 374 930 οτ
398 855 601 954 δίφθογγον,
628 857 707 927 ἀλλ’
729 857 784 927 οὐκ
808 857 884 928 ἔστι
910 860 986 953 παρ’
1009 855 1182 954 οὐδετέρων

71 975 333 1058 συντεθειμένου,
351 971 442 1044 ἀλλὰ
458 969 550 1069 παρὰ
569 977 715 1055 θηλυκοιῖ.
767 972 885 1044 Ταιῖτα
901 972 959 1056 μὲν
975 973 1008 1043 έν
1024 974 1166 1050 τούτοις.
1191 991 1208 1052 5

126 1093 196 1162 Δεῖ
224 1089 258 1161 δέ
287 1091 463 1182 γινώσκειν,
492 1089 545 1160 ὅτι
575 1090 655 1185 παρ’
680 1085 852 1185 οὐδετέρων
882 1089 1106 1172 συντεθειμένα
1136 1087 1184 1160 δεῖ

75 1217 174 1289 νοεῖν,
198 1207 252 1277 ίνα
277 1203 362 1277 κατὰ
390 1203 434 1276 τύ
459 1204 557 1281 τέλος
581 1204 683 1301 έχωσι
707 1203 750 1276 τὸ
777 1203 955 1301 οὐθέτερον.
1008 1204 1122 1276 Τοῦτο
1149 1203 1183 1276 ὐὲ

75 1324 208 1420 εἴρηται
233 1320 285 1392 διὰ
309 1320 352 1394 τὸ
379 1319 601 1418 Κλεοφύντης
624 1319 859 1418 Κλεοφόντου.
911 1321 1025 1393 Τοιῖτο
1050 1321 1117 1419 γὰρ
1141 1325 1183 1399 είς

77 1469 123 1509 nx
149 1439 239 1521 ε’στῖ,
264 1439 316 1507 καῖ
342 1439 420 1534 παρ’
446 1434 614 1534 οὐδετέρου
639 1437 890 1522 συντεθειμένον,
915 1437 1001 1534 φημὶ
1028 1436 1065 1520 ὐῆ
1091 1436 1182 1535 παρὰ

77 1553 121 1626 τὸ
139 1553 249 1638 κλέος,
266 1553 317 1624 καῖ
335 1551 420 1636 ὅμως
437 1553 479 1628 εῖς
497 1581 554 1622 οτι
571 1553 626 1622 οὐκ
648 1553 716 1648 ἔχει
739 1553 799 1636 τῆν
817 1553 950 1645 γενικῆν,
968 1552 1045 1623 ἄλλ’
1064 1555 1108 1630 εἷς
1123 1554 1183 1636 τῆν
1197 1585 1232 1624 10

78 1701 119 1742 ατ
147 1670 353 1768 δίφθογγον·
385 1669 460 1738 ἀλλ’
489 1669 544 1738 οὐκ
573 1667 749 1740 ἀντίκειται
780 1672 862 1753 ῆμῖν,
890 1669 997 1752 ἐπειύῆ
1024 1671 1079 1740 οὐκ
1108 1671 1183 1741 ἔστι

78 1785 169 1859 κατὰ
199 1784 243 1857 τὸ
272 1787 370 1861 τέλος
398 1782 441 1856 τὸ
471 1782 648 1880 οὐθέτερον,
678 1783 769 1856 ἀλλὰ
798 1784 884 1856 κατὰ
913 1787 973 1868 τῆν
1004 1783 1182 1884 ἄρχουσαν.

80 1903 263 1997 Σύγκειται
287 1901 321 1973 ὐὲ
343 1899 435 1998 παρὰ
460 1899 503 1972 τὸ
526 1901 620 1978 κλέος
641 1901 693 1972 καῖ
720 1899 762 1974 τὸ
785 1902 920 2000 φόντης,
938 1901 957 1974 ὃ
978 1902 1123 1986 σημαίνει
1141 1900 1183 1975 τὸ

82 2020 212 2116 φονεύς.
264 2017 381 2089 Ταῦτα
397 2016 455 2101 μὲν
471 2018 504 2086 έν
521 2017 661 2094 τούτοις.

135 2137 200 2206 Δεῖ
219 2139 411 2232 προσθεῖναι
434 2135 466 2204 έν
482 2137 531 2224 τῷ
551 2132 658 2204 κανόνι
681 2139 743 2204 τοῦ
764 2141 924 2229 τεχνικοῦ,
943 2146 963 2176 “
977 2135 1076 2231 χωρὶς
1095 2137 1123 2204 εί
1139 2135 1184 2219 μῆ
1198 2166 1231 2224 ¹5

82 2251 260 2347 χαρακτῆρ
276 2249 434 2344 κωλύσρ.”
465 2247 579 2320 Τοῦτο
597 2247 631 2320 δέ
648 2248 772 2345 είρηται
790 2249 842 2322 διὰ
860 2248 903 2323 τὸ
922 2249 1067 2335 Ἀμέλης
1084 2249 1186 2333 Ἀμέ·

83 2372 199 2450 λητος,
223 2363 277 2435 καῖ
301 2364 416 2448 ἆμένης
441 2364 607 2448 ἆμένητος.
660 2363 778 2436 Ταῦτα
801 2363 869 2464 γὰρ
891 2369 934 2444 εἷς
954 2395 998 2438 112
1017 2369 1110 2454 εἰσιν,
1132 2367 1185 2437 καῖ

85 2483 163 2578 παρ’
192 2479 365 2578 οὐδετέρων
393 2478 484 2563 εῖσίν,
509 2479 562 2550 καῖ
587 2482 822 2565 συντεθειμένα,
848 2484 935 2580 φημί
961 2481 998 2567 ὐῆ
1025 2480 1117 2580 παρὰ
1142 2479 1186 2554 τὸ

85 2599 187 2678 με’λος
203 2597 256 2667 καῖ
273 2593 316 2667 τύ
332 2596 435 2680 μένος,
452 2596 504 2667 καῖ
521 2593 607 2668 κατὰ
624 2594 666 2667 τὸ
684 2598 783 2676 τέλος
802 2600 916 2697 έχουσι
939 2598 983 2672 τὸ
1006 2599 1184 2696 οὐθέτερον,

87 2714 139 2784 καῖ
157 2711 243 2796 ὅμως
259 2714 314 2783 οὐκ
329 2714 461 2810 ἔχουσιν
478 2715 521 2790 είς
542 2742 598 2784 ors
615 2712 674 2795 τῆν
692 2715 828 2807 γενικῆν,
846 2713 936 2785 ἀλλὰ
962 2713 1014 2786 ὐιᾶ
1039 2721 1101 2786 τοιῖ
1124 2743 1185 2786 ’τον
1196 2748 1234 2788 20

87 2831 263 2901 κλίνονται·
294 2829 370 2900 ἀλλ’
397 2830 561 2900 ὑπέπεσον
589 2834 698 2902 ταῦτα
727 2838 913 2928 χαρακτῆρι
937 2831 1087 2920 τοιούτιρ·
1122 2831 1188 2900 εἷσέ

87 2977 161 3018 τινα
179 2947 222 3022 είς
239 2975 282 3016 πε
298 2949 449 3039 λήγοντα
465 2943 546 3044 ὑπὲρ
564 2943 620 3018 ὐύο
643 2943 819 3033 συλλαβὰς
840 2945 963 3042 ἔχοντα
987 2941 1055 3043 πρὸ
1078 2949 1140 3016 τοῦ
1162 2973 1185 3016 u

88 3061 315 3150 εὐμετάβολον,
331 3063 384 3134 καῖ
410 3060 477 3160 πρὸ
502 3067 564 3133 τού
588 3061 805 3150 ἆμεταβύλου
828 3067 963 3160 φωνῆεν,
979 3063 1024 3147 μῆ
1041 3059 1084 3135 ’τὸ
1102 3093 1124 3146 τ,
1141 3061 1187 3147 μῆ

89 3177 131 3249 τὸ
151 3209 181 3260 ο,
198 3180 241 3262 μῆ
258 3177 344 3264 τὸν,
358 3177 457 3262 μῆτίν
470 3207 502 3261 ο,
518 3175 615 3250 ἅτινα
633 3175 684 3250 διὰ
701 3185 764 3250 τοῦ
779 3209 839 3250 τοι
857 3179 1033 3262 κλίνονται,
1044 3177 1187 3261 Ἀκέλης

90 3293 283 3379 Ἀκέλητος,
301 3294 388 3385 (ἔστι
408 3294 441 3367 ὐὲ
461 3295 564 3378 ὄνομα
588 3300 769 3391 ποταμοῖ,)
795 3292 951 3393 ὐφικέρης
975 3291 1186 3392 ὑψικέρητος,
1199 3330 1213 3370 2
1218 3329 1235 3389 5

91 3409 251 3500 (σημαίνει
265 3409 298 3481 δέ
309 3408 369 3482 τὸν
383 3411 415 3481 έν
431 3407 512 3504 ὕφει
526 3412 717 3495 κεκτημένον
728 3408 773 3484 τὰ
786 3412 934 3509 κέρατα,)
948 3407 1101 3505 Κανέρης
1114 3407 1189 3478 Κα-

16 3543 78 3608 94α
92 3524 238 3626 νᾶρητος,
258 3525 345 3616 (ἔστι
363 3525 397 3598 δὲ
414 3527 516 3612 ὄνομα
539 3532 720 3623 ποταμού,)
739 3528 794 3597 οὐκ
819 3525 1104 3621 ἆντιστρέφοντος
1128 3528 1190 3594 τοῦ

92 3642 232 3724 κανόνος,
257 3643 293 3712 οὐ
313 3640 328 3714 έ
351 3639 418 3740 γὰρ
441 3641 487 3714 τὰ
511 3645 634 3740 ἔχοντα
660 3643 727 3741 πρὸ
753 3648 816 3715 πού
840 3670 863 3710 n
887 3637 1111 3728 ἀμετάβολον,
1135 3639 1188 3712 καῖ

92 3757 160 3858 πρὸ
176 3765 238 3830 ποιῖ
255 3757 470 3848 ἆμεποβέλου
486 3765 621 3858 φωνῆεν,
637 3761 682 3844 μῆ
699 3758 742 3831 τὸ
761 3789 784 3845 ι,
801 3759 845 3843 μῆ
861 3756 905 3831 τὸ
924 3788 955 3840 ο,
972 3756 1017 3839 μῆ
1033 3753 1076 3828 τύ
1094 3785 1123 3839 τ,
1144 3755 1189 3840 μῆ

92 3874 135 3946 τὸ
158 3905 191 3957 ο,
217 3873 345 3952 πάντως
368 3871 420 3946 ὐιᾶ
445 3882 506 3946 τοῦ
530 3905 591 3947 ποτ
617 3876 793 3948 κλίνονται·
824 3873 892 3947 ι’ὐού
914 3871 983 3972 γὰρ
1008 3871 1051 3944 τύ
1078 3873 1190 3956 Δημο-
1199 3901 1238 3961 30

94 3993 206 4075 σθένης
227 3991 463 4076 Δημοσθένους,
481 3992 533 4062 καῖ
559 3991 749 4076 Ἀντιμένης
776 3991 993 4074 Ἀντιμένους,
1016 3988 1068 4058 καὶ
1095 3987 1191 4085 Ἀρι-

94 4107 257 4192 στοτέλης
277 4105 538 4206 Ἀριστοτέλους
559 4109 596 4178 οὐ
620 4107 764 4178 κλίνεται
786 4105 838 4178 διὰ
863 4112 925 4178 τοῦ
946 4135 1019 4178 ποτ.
1071 4103 1191 4200 Πρόσ-

93 4253 194 4294 κιιπαι
218 4235 238 4265 “
250 4223 294 4307 μῆ
319 4223 442 4319 ἔχοντα
467 4227 551 4306 μῆτε
574 4220 618 4294 τὸ
640 4253 664 4309 ι,
687 4227 771 4306 μῆτε
792 4221 835 4295 τύ
854 4255 884 4305 ο,
901 4227 986 4306 μῆτε
1002 4219 1045 4292 τὸ
1062 4249 1090 4304 τ,
1108 4224 1192 4302 μήτε

94 4335 136 4408 τὸ
170 4341 222 4427 ιι,”
252 4337 361 4422 έπειύῆ
391 4336 436 4412 τὰ
469 4344 610 4411 τοιαῦτα
644 4336 878 4426 ι’σοσυλλᾶβως
912 4339 1088 4418 κλίνονται,
1122 4333 1192 4406 οῖον

96 4451 255 4553 Αἰσχίνης
289 4454 462 4552 Αἰσχίνου,
498 4452 665 4538 Λεπτίνης
700 4453 880 4540 Λεπτίνου,
916 4452 1082 4549 Μηριόνης
1115 4451 1240 4540 ΜΝΞ
