2966 5014
399 353 466 412 ΕΙΣ
488 353 544 412 ΤΟ
566 353 858 418 ΟΝΟΜΑΤΙΚΟΝ.
1121 371 1179 436 179

57 519 181 592 ἄλλων
212 525 281 591 τῶν
311 524 354 597 εἰς
385 550 425 592 ox
454 521 627 619 οὐδετέρων
652 524 893 619 φυλαττόντων
918 525 977 606 τῆν
1001 524 1177 607 ποσότητα

57 640 128 706 τῶν
147 637 340 723 συλλαβῶν
355 637 388 707 έν
403 642 447 733 τῆ
471 637 628 719 συνθέσει,
651 633 710 708 κόν
734 641 777 716 εἶς
803 667 844 710 ιιι
871 639 1037 734 γένωνται,
1060 637 1120 711 κόν
1135 629 1178 717 εἰς

60 779 114 834 ox,
133 749 215 821 οἶον
234 751 348 828 σθένος
365 752 509 836 ἆσθενῆς,
527 754 620 847 γένος
637 755 771 847 εὐγενῆς,
784 757 879 851 ῥέγος
895 751 1060 852 δύσριγος,
1078 752 1178 853 ξύφος

60 864 209 963 ἅξιφος,
247 873 361 963 χεῖλος
394 869 643 967 ιἰγκυλόχειλος·
686 871 770 954 μόνα
804 869 848 942 τὰ
883 869 975 969 παρὰ
1008 871 1051 943 τὸ
1085 872 1178 948 κλέος

60 983 232 1065 σὺνθετα,
254 985 296 1060 εἰς
322 1011 365 1054 nx
390 986 554 1078 γινόμενα,
581 989 624 1064 εἰς
650 1017 709 1058 οτι
734 988 849 1084 ἔχουσι
873 987 933 1070 τῆν
954 989 1091 1080 γενικῆν,
1108 987 1203 1084 οὑον5

58 1097 266 1193 Ἠρακλέης
299 1098 515 1198 Ἡρακλέους,
558 1103 754 1200 Σοφοκλέης
797 1103 1019 1200 Σοφοκλέους,
1054 1104 1178 1186 εὐκλεῆς

62 1216 233 1298 εὐκλεοῦς,
252 1208 402 1298 δοσκλεῆς
419 1215 598 1301 δυσκλεοὺς,
615 1219 778 1309 ἆγοκλεῆς
796 1219 987 1312 ἆγοκλεούς.
1022 1215 1179 1315 Ἔχομεν

62 1331 136 1428 γὰρ
167 1331 303 1412 κανόνα,
333 1331 388 1403 ὅτι
417 1331 461 1402 τὰ
489 1337 532 1410 εἰς
563 1363 605 1403 ετ
632 1337 710 1432 παρ’
743 1334 916 1432 οὐδετέρων
943 1335 1177 1418 συντεθειμένα,

63 1443 233 1527 δηλονότι
250 1445 335 1518 κατὰ
352 1447 395 1519 τὺ
412 1449 521 1532 τέλος,
539 1453 581 1526 εἰς
599 1475 657 1520 οτι
673 1451 787 1547 έχουσι
806 1453 867 1534 τῆν
884 1451 1020 1544 γενικῆν,
1036 1444 1136 1548 χοιρὺς
1153 1453 1182 1521 εἰ

64 1563 110 1644 μῆ
127 1564 312 1660 χαρακτὴρ
329 1564 475 1647 κοιλὺσει,
493 1561 562 1635 οἷον
579 1565 693 1642 σθένος
712 1567 922 1650 Δημοσθένης
940 1559 1178 1650 Δημοσθένους,
1192 1601 1228 1639 10

65 1677 167 1768 γένος
182 1678 346 1771 Διογένης
357 1680 542 1772 Διογένους,
556 1691 653 1758 νεῖκος
664 1681 1093 1764 ΠολυνείκηςΠολυνεέκους,
1103 1682 1180 1765 ῆθος

67 1781 236 1878 κακοήθης
251 1800 434 1878 κακοήθους.
470 1797 675 1894 Πρόσκειται
691 1809 711 1840 “
721 1801 750 1868 ει’
764 1798 808 1880 μῆ
826 1796 998 1894 χαροκτῆρ
1015 1793 1181 1878 κωλὺσει,”

68 1908 122 1980 διὰ
132 1909 183 1984 τό
191 1901 341 1994 Ἀμέλης
351 1911 645 2004 Ἀμέλητος,(έστι
657 1911 692 1984 δὲ
702 1913 804 1996 ὄνομα
817 1911 1057 2005 τοτομοῦ,)κοῖ
1068 1903 1182 1994 ὑμένης

71 2027 248 2110 ἆμένητος,
266 2025 425 2117 (σημαίνει
446 2027 481 2100 δὲ
500 2027 561 2100 τόν
577 2027 690 2112 παῖδα,
714 2027 806 2125 ταρὰ
829 2026 871 2100 τὸ
894 2029 939 2112 μῆ
960 2028 1046 2124 ἔχειν
1061 2027 1180 2120 μένος)

70 2149 185 2214 ταῦτα
203 2141 274 2241 γὰρ
290 2145 370 2240 παρ’
388 2143 560 2240 οὐδετέρων
577 2146 640 2215 εἰσὶ
666 2145 902 2226 συντεθειμένα,
920 2144 1006 2239 φημὶ
1032 2142 1069 2224 δῆ
1090 2141 1181 2239 ταρὰ
1195 2169 1228 2229 15

74 2256 117 2328 τὸ
143 2259 250 2340 μέλος
273 2259 326 2328 καὶ
350 2258 394 2331 τὸ
418 2259 521 2344 μένος,
538 2261 591 2330 καὶ
615 2260 699 2343 ὅμως
720 2259 775 2328 οὐκ
791 2259 905 2354 έχουσι
922 2258 983 2340 τῆν
1000 2257 1124 2350 γενικῆν
1140 2259 1182 2334 εἷς

78 2401 147 2444 οτι.
202 2372 297 2451 Τινὲς
313 2373 348 2444 δέ
363 2368 406 2446 τό
423 2376 539 2458 ιἰμέυης
556 2377 687 2448 θέλουσι
714 2375 825 2467 λέγειν
841 2374 919 2458 ὑμῆν
936 2373 1046 2456 ὑμένος
1062 2359 1181 2456 ὑμένης,

76 2489 129 2558 καὶ
156 2487 245 2562 κατὰ
261 2492 389 2588 τροτῆν
405 2491 565 2574 Αἰολικῆν
581 2498 642 2564 τοὺ
657 2523 676 2562 κ
694 2495 736 2568 εἰς
752 2489 794 2562 τό
813 2519 832 2560 Α
850 2490 975 2573 ἆμένης.
999 2567 1002 2572 ,
1029 2485 1122 2580 Ποέιρ
1148 2481 1183 2560 δέ

80 2613 267 2702 χαρακτῆρι
285 2613 392 2678 ταῦτα
408 2609 693 2687 ὑποπεπτώκασιν,
708 2608 739 2676 έν
752 2611 795 2702 τῆ
811 2606 886 2701 περὶ
899 2611 960 2677 τοὺ
973 2605 1183 2689 Δημοσθένης

81 2715 278 2813 διδασκαλίᾳ
295 2727 531 2805 μεμαθήκαμεν.
1195 2751 1232 2790 20

131 2836 259 2914 Κλέσις
274 2847 332 2921 τῆς
348 2841 495 2918 ἐντελοῦς
511 2839 639 2920 ajectae,
655 2837 842 2934 Ἡρακλέης
856 2836 1060 2934 Ἡρακλέεος
1074 2835 1184 2933 Ἡρα-

82 2951 203 3034 κλέους,
219 2953 271 3023 κού
286 2953 479 3052 Ἡρακλῆος
496 2960 679 3038 ποιητικῶς·
697 2960 800 3026 τοῦτο
817 2952 886 3024 ὑπὸ
902 2957 965 3024 τοὺ
981 2952 1184 3051 Ἡρακλέεος

84 3067 206 3160 γέγονε
221 3066 305 3142 κατὰ
323 3072 439 3166 κρᾶσιν
454 3075 519 3141 τῶν
536 3069 591 3141 δύο
610 3099 651 3141 εις
669 3073 711 3148 εἰς
727 3069 769 3141 τὸ
788 3099 821 3152 ιι,
841 3067 909 3140 οἷον
933 3075 987 3160 [ΙΙ.
1004 3070 1042 3141 ν’.
1064 3071 1151 3162 145.]

206 3195 292 3266 τεῖχος
305 3199 331 3250 ἐς
344 3193 493 3267 ἀμφίχυτον
505 3195 651 3268 Ἡρακλῆος
665 3195 753 3252 θείοιο.

82 3292 266 3390 Ἡρακλέει·
290 3296 469 3394 Ἡρακλέει
492 3299 544 3370 καὶ
568 3297 748 3396 Ἡρακλῆϊ·
773 3305 878 3370 τοῦτο
903 3297 971 3370 ἀπὸ
995 3305 1055 3368 τοὺ
1075 3297 1186 3395 Ἡρα·
1197 3331 1230 3391 25

86 3416 183 3493 κλῆος
199 3411 319 3507 γέγονε
342 3423 455 3511 τροτῆ
478 3422 539 3486 τοὺ
557 3445 596 3486 ox
619 3417 662 3492 εἰς
680 3437 703 3485 ι·
726 3413 917 3512 Ἠρακλέεα
932 3413 1108 3509 Ἡρακλέα
1133 3414 1186 3483 καὶ

84 3521 266 3624 Ἡρακλέη,
282 3531 335 3600 καὶ
346 3529 510 3607 Ἀττικῶς
523 3530 723 3628 Ἡρακλέην,
740 3531 793 3602 καὶ
809 3527 986 3624 Ἡρακλῆα
1004 3529 1185 3610 ποιητικῆς.

88 3635 215 3713 ’Ῑστέον
232 3643 285 3714 ὅτι
303 3645 444 3737 εὐλόγως
469 3645 601 3738 ἐγένετο
616 3643 791 3742 Ἠρακλέα
815 3643 867 3713 καὶ
889 3639 1061 3738 Ἠρακλέη
1079 3639 1185 3740 διχῶς,

89 3755 193 3840 ἕτειδῆ
218 3756 261 3829 τό
285 3788 304 3828 ιι
328 3763 451 3854 φωνῆεν
471 3769 667 3854 προηγεῖται
694 3761 727 3831 έν
743 3765 792 3850 τῷ
807 3758 992 3855 Ἡρακλέα,
1009 3759 1187 3832 τουτέστιν

89 3867 176 3943 ἄλλο
193 3903 223 3955 α,
240 3873 292 3942 καὶ
309 3871 429 3943 λοιτὺν
445 3875 485 3950 ὑις
510 3874 658 3972 ἆνωτέριο
682 3878 919 3958 μεμαθήκαμεν,
931 3871 980 3945 τὸ
998 3903 1018 3944 ιι
1035 3874 1087 3944 καὶ
1104 3872 1147 3946 τό
1164 3904 1184 3945 ε
1195 3905 1234 3961 30

12 3985 53 4046 10⁶
65 3987 130 4062 ὑεῖς
146 4015 170 4058 n
187 3986 350 4083 κέρνανται
367 3985 420 4058 καὶ
438 3990 480 4066 εἷς
498 4017 517 4059 ιι
535 3989 669 4088 μακρὸν,
682 3993 722 4067 ὡς
739 3989 792 4060 έτύ
809 3994 871 4060 τοῦ
887 3989 1004 4086 εὐφυέα
1022 3989 1120 4086 εὐφυῆ
1133 3991 1187 4061 καὶ

92 4102 202 4199 εὐφυᾶ,
227 4105 280 4174 καὶ
309 4101 403 4198 ὑγιέα
429 4105 504 4196 ὑγιῆ
532 4105 586 4174 καὶ
615 4105 702 4198 ὑγιᾶ.
755 4103 919 4182 Ἀττικῶς
942 4103 976 4176 δέ
997 4099 1188 4202 Ἡρακλέην

93 4219 234 4314 γέγονεν,
251 4221 359 4304 έτειδῆ
384 4219 533 4317 ὑνατέριο
557 4222 724 4316 εἰρήκαμεν
740 4220 795 4292 ὅτι
819 4224 852 4294 οἱ
867 4215 1036 4302 Ἀθηναῖοι
1054 4219 1107 4290 ε’τύ
1124 4224 1188 4290 τῶν

94 4335 132 4409 εἰς
149 4363 192 4404 ιη
215 4337 258 4413 εἷς
281 4365 339 4408 οτι
362 4336 506 4434 έχόιαιεν
522 4335 582 4418 τῆν
598 4334 724 4426 γενικῆν
740 4333 851 4432 κυρίων
868 4337 911 4411 εὐς
934 4363 956 4404 ιι
974 4335 1105 4405 τοιοὺσι
1128 4335 1189 4416 τῆν

95 4450 270 4532 αἰτιατικὴν
295 4453 347 4522 καὶ
374 4451 434 4534 τῆν
459 4449 612 4533 κλητιιιῆν
634 4451 677 4524 εἷς
701 4472 734 4530 ιι,
760 4445 830 4520 οἶον
851 4451 870 4519 ὁ
895 4449 1105 4532 Δημοσθένης
1128 4453 1234 4530 τοὺςς

611 4583 635 4625 Α
650 4578 704 4626 αα
