2958 5018
313 317 378 384 320
608 298 811 360 τεοετιοτ
832 298 1126 361 κοινοοουκαε
1444 299 1471 357 ε.

314 476 414 544 εἰπεῖν
430 470 491 553 τῆν
507 469 707 560 ἆπολογίαν,
722 471 755 538 εἷ
775 470 838 559 θεῷ
860 467 973 564 φίλον·
998 469 1030 538 έν
1043 472 1090 562 τῆ
1107 473 1169 539 τοῦ
1184 476 1436 564 rapam-tm}

316 587 508 677 διδασκαλίᾳ
526 584 754 668 μαθησόμεθα,
766 580 842 654 τὸν
859 584 1013 667 ἐνομίσθη
1028 590 1151 680 φωνῆεν
1162 581 1254 655 εἶναι.
1279 583 1437 664 Ἐπειδῆ

316 707 403 788 η’νίκα
430 701 484 776 οὖν
505 705 615 800 εὑρεθῆ
639 708 763 800 φωνῆεν
785 702 910 796 ἔχουσα
937 705 955 783 ῆ
981 701 1092 783 δοτικῆ
1116 707 1182 772 τῶν
1207 703 1337 786 ἑνικῶν,
1369 711 1437 801 φυ-

314 819 433 892 λάττει
454 817 535 889 αδτδ
557 817 610 888 καί
632 818 665 886 έν
689 821 731 910 τῆ
758 815 870 908 δοτικῆ
895 820 962 886 τῶν
986 819 1218 898 πληθυντικῶν,
1242 813 1319 887 οίον
1350 821 1439 914 ὅφεῖ

315 939 428 1034 ὄφεσι,
446 934 549 1004 πιίλείΙ
567 933 701 1018 πόλεσι,
720 928 840 1014 μάντεϊ
857 927 1009 1013 μάντεσι.
1061 929 1195 1001 Τοιίτον
1211 929 1316 1027 χάριν
1337 934 1455 1020 ἡνίκα,

315 1055 424 1146 εὑρεθῆ
450 1051 574 1145 ἔχουσα
599 1045 642 1119 τό
665 1075 693 1127 1³,
712 1043 877 1142 φυλάττει
902 1044 983 1117 αδτδ
1008 1046 1061 1116 καί
1086 1048 1118 1116 έν
1142 1051 1185 1140 τῆ
1212 1047 1335 1142 δοτικῇ
1365 1055 1433 1120 τῶν

315 1169 547 1248 πληθυντικῶν,
566 1160 634 1233 οίον
644 1161 790 1258 Ἕκτορι
801 1161 982 1256 Ἔκτορσι,
1001 1161 1152 1258 Νέστορι
1171 1161 1376 1260 Νέστορσι.

366 1293 386 1322 “
401 1278 488 1356 Τοὺς
504 1285 677 1375 λουτῆρας,
694 1275 769 1352 τοὺς
785 1277 927 1372 αἰθέρος.
971 1275 1019 1344 Ὢ
1035 1285 1201 1374 λουτῆρες,
1219 1278 1245 1349 δ
1264 1281 1429 1377 αἰθέρες.”

745 1487 882 1584 [Κκυδκ
908 1489 984 1580 Ar'.]

358 1625 495 1698 Ἶστέον
517 1625 570 1697 ὅτι
593 1630 659 1698 τῶν
676 1628 719 1702 είς
737 1653 780 1695 αν
796 1625 986 1720 βαρυτόνων
1002 1623 1047 1697 τὰ
1063 1623 1122 1708 μέν
1137 1630 1250 1722 μακρᾷ
1267 1634 1425 1722 παρολη-
1436 1656 1462 1692 ιε

317 1743 441 1836 γάμενα
466 1740 625 1839 τρέπουσι
653 1739 698 1811 τδ
724 1770 747 1809 n
774 1743 816 1817 είς
840 1739 883 1811 τδ
912 1771 932 1811 ε
957 1743 989 1812 έν
1013 1748 1055 1835 τῆ
1083 1748 1202 1834 γενικῆ,
1228 1738 1303 1812 οἷον
1331 1742 1423 1838 Πίηρ

317 1857 449 1955 Πίερος,
476 1857 565 1946 (ὅθεν
588 1855 631 1928 τδ
659 1855 774 1954 Πιερὶς
799 1858 851 1928 καί
879 1857 1028 1954 Πιερίδες
1052 1860 1087 1927 αἱ
1115 1863 1249 1940 μοῦσαι·
1284 1860 1364 1930 ἔστι
1391 1857 1422 1928 δέ

315 1971 357 2045 τδ
384 1971 474 2069 Πίηρ
501 1972 602 2055 ὄνομα
629 1973 761 2068 κύριον)
796 1971 934 2070 φράτηρ
960 1970 1139 2071 φράτερας·
1174 1971 1364 2070 (φράτερες
1389 1974 1423 2044 δέ

316 2091 396 2159 εἰσιν
418 2091 451 2159 οί
472 2091 666 2183 συγγενεῖς.)
719 2087 773 2157 Τά
792 2087 826 2159 δὲ
842 2090 987 2184 βραχείᾳ
1005 2089 1266 2185 παραληγάμενα
1287 2089 1422 2188 φυλάτ-

207 2221 264 2284 161
282 2241 302 2283 a
316 2236 412 2278 τουσι
429 2201 471 2274 τδ
490 2233 512 2273 n
530 2205 562 2273 ἐν
577 2209 621 2297 τῇ
638 2209 755 2297 γενικῆ,
769 2203 839 2275 οἷον
855 2205 944 2300 έριήρ
960 2205 1095 2302 έρίηρας,
1113 2204 1187 2275 ὅθεν
1203 2203 1247 2275 τδ
1264 2217 1288 2248 “
1298 2208 1421 2304 ἐρίηρες
1433 2239 1439 2276 ι
1444 2237 1457 2292 5

315 2321 461 2416 έταῖροι”
479 2318 551 2388 ἆντί
574 2324 636 2388 τοῦ
660 2314 1147 2416 εὖάρμοστοι,”ΙβηρἼβηρος’
1172 2318 1269 2390 τὸδὲ
1289 2319 1418 2418 τάνθηρ

316 2434 480 2532 πάνθηρας
502 2440 564 2504 τοῦ
588 2438 700 2505 ἁπλοῦ
723 2435 783 2516 τῆν
805 2435 914 2506 κλίσιν
936 2431 1093 2531 ε’φιίλοξε,
1109 2435 1200 2527 λέγω
1217 2433 1252 2506 δὲ
1272 2443 1338 2507 τοῦ
1358 2439 1418 2534 θῆρ

318 2547 425 2646 θηρδς,
442 2549 511 2618 ε’πεί
528 2555 643 2631 τοῦτο,
655 2551 695 2625 ὡς
710 2551 821 2644 μακρᾷ
838 2549 1126 2647 παραληγόμενον,
1143 2550 1269 2646 ὤφειλε
1284 2552 1416 2651 τρέψαι

315 2662 358 2736 τὸ
375 2694 398 2734 n
416 2667 458 2740 εἰς
473 2660 516 2736 τδ
536 2693 555 2734 ιι
572 2665 605 2734 ε’ν
621 2670 665 2758 τῇ
681 2669 804 2758 γενικῆ.

368 2780 462 2871 “Τῷ
488 2779 599 2876 Πίερι,
627 2785 675 2870 τῷ
706 2779 820 2875 έρίηρι,
849 2785 897 2870 τῷ
920 2779 1048 2878 Ἰβηρι.
1104 2779 1176 2853 Τδν
1205 2781 1327 2880 Πίερο,
1355 2783 1454 2856 τδνιο

309 2897 446 2994 Ἴβηρα,
464 2897 489 2965 ιδ
506 2894 605 2991 Πίερ,
621 2893 646 2965 ιδ
656 2893 793 2989 Ἴβηρ.”

367 3012 512 3109 Εἴρηται
536 3012 589 3081 ὅτι
612 3007 657 3080 τὰ
680 3010 723 3085 είε
745 3005 961 3096 ἀμετάβολον
976 3014 1128 3103 λήγοντα
1145 3013 1316 3110 βοριίτονα
1333 3014 1413 3085 ἁπο-

317 3123 495 3212 βάλλοντα
520 3132 579 3206 τῆς
605 3131 728 3217 γενικῆς
752 3124 813 3206 τῆν
834 3121 982 3220 ἐσχάτην
1003 3123 1047 3197 τδ
1072 3155 1113 3196 ox
1135 3127 1154 3210 ῆ
1175 3129 1237 3210 τῆν
1253 3159 1313 3201 τοι
1328 3141 1414 3201 τοιεῐ

317 3241 377 3324 τῆν
393 3243 555 3322 κλητικῆν*
581 3241 680 3336 χωρίς
695 3245 757 3311 τοῦ
770 3237 956 3312 Ἀπολλαν
971 3242 1024 3312 καί
1043 3241 1242 3316 Ποσείδαον.

368 3369 389 3398 “
400 3355 459 3426 Τιδ
474 3353 585 3452 Πίερε,
602 3355 649 3426 τιδ
660 3353 790 3450 Ἴβηρε.
825 3353 909 3426 Τοΐν
927 3355 1074 3454 Πιέροιν,
1090 3369 1164 3430 τοῖν
1183 3359 1341 3458 Ἰβῆροιν.
1366 3361 1447 3448 Ὣι5

319 3471 431 3568 Πίερε,
454 3470 627 3567 ιδἸβηρε.
661 3469 709 3538 Οί
726 3467 853 3566 Πίερες,
874 3473 908 3540 οἱ
922 3470 1068 3568 Ἴβηρες.
1102 3473 1180 3545 Τῶν
1197 3473 1335 3574 Πιέροιν,
1350 3483 1410 3550 τῶν

314 3585 466 3682 Ἰβήρων.
513 3585 594 3661 Τοῖς
622 3583 754 3681 Πίερον,
778 3593 851 3662 τοῖς
868 3583 1020 3682 Ἴβηρσι.
1072 3587 1160 3668 Τοδς
1183 3589 1319 3688 Πίερος,
1339 3593 1409 3670 τοὺς

312 3701 462 3798 Ἴβηρος.
503 3701 549 3769 Ὦ
568 3699 697 3797 Πίερες,
714 3699 916 3798 ιδἽβηρες.”

762 3913 884 3988 Κιινδυ
909 3918 972 3991 κε’.

367 4045 496 4118 Ἰστέον
522 4045 575 4116 ὅτι
600 4044 646 4117 τὰ
671 4049 714 4124 είς
740 4077 782 4118 οε
808 4052 970 4139 λῆγοντο,
996 4053 1026 4121 εί
1048 4050 1107 4134 μέν
1129 4053 1306 4147 ὀξύνονται,
1326 4055 1366 4128 τδ
1388 4085 1442 4140 1130

317 4161 530 4260 φυλάττουσι
552 4163 604 4232 καί
627 4163 659 4233 ε’ν
679 4169 721 4256 τῆ
739 4167 856 4254 γενικῆ,
874 4162 944 4234 οΐον
961 4166 1039 4261 φιδρ
1055 4167 1179 4265 φωρὸς,
1198 4171 1231 4260 (ὁ
1248 4173 1404 4266 κλέπτης.)

319 4279 402 4375 ι’χιδρ
432 4282 560 4376 ἰχῶρος·
604 4277 765 4366 (σημαίνει
797 4276 831 4348 δέ
864 4276 907 4350 τδ
942 4279 1023 4363 αἷμα
1054 4281 1099 4354 τδ
1131 4285 1338 4372 μετοβληθέυ
1367 4289 1404 4364 είς

315 4397 462 4488 ἔμπυον.)
514 4390 569 4464 Τά
588 4391 623 4462 δέ
639 4393 819 4488 βαρίτονα,
836 4397 866 4463 εί
888 4394 946 4476 μὲν
968 4397 1081 4492 έχουσι
1102 4396 1146 4470 τδ
1164 4429 1185 4471 κ
1203 4397 1400 4496 φυλάττουσι
