2954 5024
387 328 454 388 ειν
474 329 531 388 το
553 329 845 390 οκοιιιτιιιου.
1106 342 1164 408 241

4 494 234 576 αι’πιατικὴ
257 497 389 576 μῶλον
405 499 449 573 είς
473 525 494 566 ιι
512 499 620 589 λὴγει,
638 491 707 566 οίον
722 495 783 567 πδν
799 497 890 582 βοῦν,
908 498 1116 595 σπονιωτίρα
1133 497 1168 570 δὲ

4 609 127 682 ἐστίν
165 613 192 692 ἦ
231 613 274 687 είς
301 640 333 694 ι,
363 607 432 682 οίον
461 609 521 682 τὸν
551 612 631 698 βόα.
684 610 813 708 Εὖρέθη
844 609 879 682 δὲ
907 612 1049 688 σπανίως
1074 611 1166 709 παρὰ

4 725 234 820 Φερεκύδει
249 731 298 818 τῷ
316 727 489 818 Ἀθηναίῳ,
507 728 560 797 καὶ
584 728 621 796 ου’
646 724 694 796 δεῖ
715 730 862 821 χρῆσθαι
887 727 978 819 αῦπῃ,
996 725 1106 810 ἐπειδὴ
1134 731 1167 799 οί

6 843 206 938 τεχνικοῦ
225 844 410 914 κωλύουσιν.
461 841 511 912 Εί
526 841 561 913 δέ
580 873 631 918 τις
656 841 753 922 είποι,
777 841 829 911 καί
848 847 914 918 πῶς
931 850 975 936 τῇ
992 843 1094 936 εῦθείᾳ
1112 845 1166 914 καί

11 961 230 1052 αἰτιατικῇ
255 963 321 1030 τῶν
337 961 558 1042 πληθυντικῶν
574 962 616 1050 τῃ
641 957 835 1054 συνῃρημίνῃ
853 963 896 1051 τῃ
912 959 946 1028 οί
967 957 1092 1054 βότρυς
1113 958 1191 1043 καί5

11 1074 113 1151 τοῦς
154 1074 296 1171 βότρυς
320 1077 506 1172 κεχρήμεθα
535 1072 677 1148 σπανίως
706 1073 905 1170 εῦρημέναις;
940 1073 1094 1165 λέγομεν,
1125 1076 1166 1152 ὡς

15 1189 171 1266 ἐκείνας
204 1187 263 1273 μὲν
287 1188 386 1268 ούδείς
409 1195 476 1261 τῶν
491 1193 646 1286 τεχνικῶν
671 1189 821 1272 ἐκώλυσε,
839 1187 899 1268 τὴν
924 1185 957 1258 δὲ
984 1187 1166 1271 αι’πιατικὴν

16 1303 95 1374 τὸν
117 1305 210 1392 βόα
226 1305 411 1376 κωλύουσιν.
463 1305 581 1376 Τοῦτο
597 1302 655 1387 μὲν
671 1303 747 1400 περὶ
767 1310 829 1375 τοῦ
849 1305 938 1389 βοῦς·
966 1304 1019 1372 ἐπὶ
1046 1301 1081 1374 δὲ
1105 1310 1166 1375 τοῦ

23 1426 153 1516 χροῦς
184 1420 239 1490 καί
260 1425 339 1516 χοῦς
354 1417 397 1491 τδ
415 1420 559 1490 ε’ναντίον
576 1422 593 1500 ὴ
610 1417 668 1502 μὴν
685 1421 727 1496 είς
745 1449 765 1488 ιι
783 1417 875 1490 ἐστίν
893 1419 925 1488 ἕν
942 1415 1077 1502 πλάτει,
1096 1415 1165 1490 οίον

25 1535 141 1632 χρόα
162 1534 223 1605 καί
241 1534 308 1631 χοά
332 1541 387 1624 [ll.
405 1533 442 1606 ν’.
461 1535 550 1626 649.]
1177 1563 1213 1603 ιο

230 1655 272 1725 Μὴ
285 1679 325 1714 τις
337 1659 405 1732 χρόα
417 1661 507 1732 χαλκῷ
521 1657 627 1729 ι’πούρῃ.

34 1766 55 1842 ὴ
87 1760 131 1833 δὲ
164 1763 211 1838 εἷς
237 1790 257 1830 ν
279 1762 500 1858 σπανιωι-ίρα,
518 1759 588 1832 οῖον
612 1767 713 1858 χροῦν
739 1763 790 1832 καί
816 1767 906 1858 χοῦν.
958 1761 1087 1832 Ἰστέον
1109 1763 1164 1834 ὅτι

34 1877 85 1949 τὸ
107 1878 203 1974 χόα,
220 1875 288 1948 ἆπδ
304 1884 366 1949 τοῦ
382 1883 459 1974 χοῦς
479 1876 561 1972 χοὸς
583 1874 630 1960 όν,
647 1874 700 1946 καὶ
718 1876 893 1971 βαρύνεται
911 1877 963 1946 καί
981 1885 1164 1950 συνεσταλ-

39 1990 156 2070 μένον
175 1992 243 2088 ἔχει
259 1990 303 2064 τδ
320 2015 351 2064 κ·
376 1990 420 2064 πδ
438 1990 472 2064 δὲ
489 1989 580 2087 παρὰ
597 1997 646 2082 τῷ
666 1988 845 2087 Μενάνδρῳ
862 1995 940 2088 χοῦ,
958 1991 1027 2063 οἷον

349 2121 396 2172 τόν
408 2121 459 2189 χοῦ
1179 2131 1211 2189 ¹5

227 2217 369 2286 ίκκίχυκαυ,

46 2319 169 2407 ᾧτινι
195 2318 246 2388 καὶ
273 2323 416 2415 χρῶνται
443 2319 477 2388 οί
492 2317 646 2389 Ἀττικοί
672 2317 931 2412 περισπωμένως,
953 2319 1006 2388 καί
1031 2319 1165 2390 ἐκτετα-

49 2433 159 2512 μένον
176 2433 253 2530 ἔχον
269 2431 311 2504 τὸ
330 2463 361 2516 κ,
379 2429 446 2504 ἆπδ
463 2437 527 2504 τῶν
544 2435 587 2510 είς
605 2463 662 2504 νινε
686 2433 788 2514 ε’σπιν,
806 2429 875 2504 οίον
891 2431 960 2504 ἇπδ
985 2439 1047 2505 τοῦ
1070 2433 1163 2530 χοεῦς

50 2547 159 2644 χοέος
176 2549 252 2645 χοέῖ
264 2548 347 2646 χοία
372 2549 491 2642 γε’γονε
515 2551 583 2645 χοᾶ
608 2545 695 2620 κατὰ
720 2551 836 2644 κρᾶσιν
852 2555 914 2620 τοῦ
937 2550 1025 2620 εκοί
1045 2579 1065 2620 κ
1082 2551 1125 2627 είς
1142 2580 1162 2622 Δ

55 2661 199 2762 μακρὸν,
220 2663 332 2761 ὥσπερ
348 2663 526 2762 Ἐρετριέα
544 2663 715 2761 Ἐρετριᾶ.
758 2659 883 2757 Ἀξιον
905 2661 940 2734 δὲ
965 2663 1039 2736 ε’σπί
1065 2661 1213 2763 ζητῆ-ιο

60 2809 132 2860 σοι,
165 2777 262 2863 διαπί,
286 2777 400 2876 ῶσπερ
428 2777 495 2850 ἆπδ
526 2784 587 2851 τοῦ
622 2778 775 2875 Σοπφόα
804 2779 858 2848 καί
889 2776 1010 2860 Λητόο
1044 2780 1164 2871 γέγονε

61 2893 204 2992 Σαπφῶ
231 2895 283 2966 καί
306 2891 411 2977 Ληπῶ
435 2893 522 2966 κατὰ
547 2897 663 2991 κρᾶσιν
687 2899 749 2966 τοῦ
775 2924 793 2964 0
817 2893 869 2964 καί
888 2923 908 2964 ι
926 2895 969 2970 είς
986 2922 1017 2974 ο,
1034 2893 1079 2975 μὴ
1103 2889 1163 2965 τδν

62 3009 164 3082 αύτδν
180 3009 309 3107 τρόπον
325 3010 377 3080 καί
395 3007 463 3080 ἆπδ
479 3016 541 3081 τοῦ
556 3009 624 3098 βόα
641 3011 693 3082 καί
711 3007 799 3107 χρόα
815 3009 868 3080 καὶ
886 3007 953 3106 χόα
970 3007 1095 3101 γίνεται
1113 3009 1164 3096 βῶ

61 3127 115 3196 καὶ
133 3131 206 3224 χρῶ
222 3125 275 3198 καί
292 3129 353 3222 χῶ,
370 3123 454 3197 κατὰ
471 3127 589 3221 κρᾶσιν
605 3131 667 3196 τοῦ
684 3156 702 3195 ο
721 3127 763 3201 είς
780 3154 812 3196 ο.
840 3123 969 3197 Ἔστιν
986 3121 1038 3195 οῦν
1055 3127 1164 3206 εἰπεῖν,

64 3240 118 3312 ὅτι
136 3242 191 3313 ἐπὶ
208 3247 270 3313 τοῦ
287 3239 408 3326 Λητόα
433 3241 486 3312 καί
512 3241 666 3337 Σαπφόιι
691 3245 824 3337 πρῶτον
841 3245 859 3324 ὴ
877 3243 984 3335 γενικὴ
999 3241 1163 3337 συνῃρέθη,
1176 3273 1190 3312 ο
1195 3269 1211 3329 5

65 3359 116 3428 καί
134 3356 235 3436 οῦν-ως
252 3361 270 3439 ὴ
287 3357 461 3440 αίτιατικὴ,
479 3353 548 3428 οἷον
567 3355 703 3440 Λητόος
721 3354 863 3442 Λητοῦς,
881 3357 1048 3452 Σαπφόος
1066 3356 1162 3426 Σαπ-

67 3477 159 3568 φοῦς
184 3473 239 3542 ἐπὶ
265 3471 299 3543 δὲ
322 3474 447 3545 τούτων
475 3471 583 3554 ἐπειδὴ
610 3473 647 3542 οῦ
668 3471 823 3567 συνῃρέθη
849 3475 866 3552 ὴ
895 3471 1012 3562 γενικὴ,
1042 3470 1163 3540 τούτου

68 3587 163 3684 χάριν
180 3587 251 3659 οῦδὲ
267 3591 286 3670 ὴ
303 3589 468 3672 αι’τιοτικὴ
485 3588 648 3686 συνῃρέθη.

117 3713 138 3744 “
151 3701 251 3773 Βοῦ.”
291 3702 446 3802 Εἴρηται,
464 3703 518 3774 ὅτι
535 3699 582 3774 τὰ
599 3703 642 3782 είς
664 3707 849 3794 ελὴγοντα
866 3697 952 3782 μετὰ
970 3697 1163 3796 διφθόγγου

71 3819 225 3912 ίιποβολῇ
240 3825 301 3890 τοῦ
319 3848 335 3888 2
353 3829 441 3889 ποιεῖ
456 3820 517 3902 τὴν
532 3819 695 3902 κλητικὴν,
713 3815 783 3888 οἷον
805 3819 824 3887 ὁ
850 3818 973 3913 χαρίεις
996 3819 1024 3887 ιῦ
1045 3818 1163 3914 χαρίει,
1173 3856 1212 3914 30

70 3935 88 4004 ὁ
110 3943 184 4012 τοῖς
208 3933 234 4006 ῶ
258 3942 328 4018 παῖ,
354 3934 373 4004 ὁ
401 3932 530 4016 Πηλεὺς
554 3931 722 4016 ῶΠηλεῦ,
739 3935 758 4004 ὁ
776 3939 844 4008 νοῦς
860 3934 886 4002 δ
903 3939 966 4002 νοῦ·
994 3931 1094 4008 οὕτως
1111 3929 1163 4002 οῦν

72 4051 119 4122 καί
136 4050 155 4119 ὁ
171 4050 252 4136 βοῦς
267 4047 293 4121 δ
308 4049 383 4136 βοῦ.

102 4161 222 4258 Ἀξιον
234 4164 307 4236 ἔστί
322 4161 472 4263 ζητῆσαι,
486 4163 583 4244 διαπί,
595 4163 707 4260 ῶσπερ
720 4167 738 4245 ὴ
752 4165 854 4234 εῦθεῖα
868 4169 933 4234 τῶν
944 4167 1163 4244 πληθυντικῶν

73 4283 190 4375 γίνεται
207 4277 291 4354 κατδι
317 4283 432 4376 κρᾶσιν
449 4285 511 4352 τοῦ
532 4310 551 4350 ο
573 4279 624 4350 καὶ
646 4311 664 4350 ιι
682 4281 723 4357 είς
739 4279 798 4361 τὴν
816 4309 855 4348 ον
873 4277 1076 4374 δίφθογγον,
1095 4272 1163 4345 οἷον

11 4405 32 4468 3¹
44 4396 61 4460 b
75 4397 144 4482 βόες
160 4397 248 4484 βοῦς,
265 4396 310 4479 μὴ
326 4393 386 4468 τδν
404 4394 502 4468 οῦν-δν
519 4395 649 4490 τρόπον
666 4395 718 4464 καί
737 4398 753 4476 ὴ
776 4395 877 4464 εὐθεῖα
901 4397 966 4462 τῶν
987 4390 1094 4461 δυΐκῶν
1111 4391 1163 4481 γί-
1173 4421 1211 4483 35

78 4543 154 4584 νιπαι
172 4509 256 4584 κατὰ
273 4515 388 4607 κρᾶσιν
406 4518 466 4584 τοῦ
481 4545 498 4582 ο
514 4511 564 4582 καί
581 4541 599 4582 υ
618 4513 659 4586 είς
676 4511 735 4592 τὴν
750 4539 788 4580 ου
803 4507 1004 4602 δίφθογγον,
1017 4503 1084 4576 οἷον
1101 4503 1163 4588 βόε

606 4645 643 4684 ιι
