<?xml version="1.0" encoding="UTF-8"?>
<!DOCTYPE html PUBLIC "-//W3C//DTD XHTML 1.0 Transitional//EN"
    "http://www.w3.org/TR/xhtml1/DTD/xhtml1-transitional.dtd">
<html xmlns="http://www.w3.org/1999/xhtml" xml:lang="en" lang="en">
 <head>
  <title>
</title>
<meta http-equiv="Content-Type" content="text/html;charset=utf-8" />
  <meta name='ocr-system' content='tesseract 3.04.00' />
  <meta name='ocr-capabilities' content='ocr_page ocr_carea ocr_par ocr_line ocrx_word'/>
</head>
<body>
  <div class='ocr_page' id='page_1' title='image "./georgiichoerobo00choegoog_0223.png"; bbox 0 0 2966 5014; ppageno 0'>
   <div class='ocr_carea' id='block_1_1' title="bbox 290 181 1461 281">
    <p class='ocr_par' dir='ltr' id='par_1_1' title="bbox 290 181 1461 281">
     <span class='ocr_line' id='line_1_1' title="bbox 290 181 1461 281; baseline 0.003 -23"><span class='ocrx_word' id='word_1_1' title='bbox 290 209 352 281; x_wconf 80' lang='lat'>¹54</span> <span class='ocrx_word' id='word_1_2' title='bbox 579 198 779 264; x_wconf 74' lang='grc' dir='ltr'>Γεουιιου</span> <span class='ocrx_word' id='word_1_3' title='bbox 801 197 1097 260; x_wconf 71' lang='grc' dir='ltr'>κοιεοιιοεκαυ</span> <span class='ocrx_word' id='word_1_4' title='bbox 1412 181 1461 273; x_wconf 60' lang='grc' dir='ltr'>ἰὴ</span> 
     </span>
    </p>
   </div>
   <div class='ocr_carea' id='block_1_2' title="bbox 216 362 1473 4281">
    <p class='ocr_par' dir='ltr' id='par_1_2' title="bbox 216 362 1473 4281">
     <span class='ocr_line' id='line_1_2' title="bbox 288 362 1406 464; baseline -0.003 -28"><span class='ocrx_word' id='word_1_5' title='bbox 288 367 377 464; x_wconf 98' lang='grc' dir='ltr'>χηλὴ</span> <span class='ocrx_word' id='word_1_6' title='bbox 407 365 515 444; x_wconf 77' lang='grc' dir='ltr'>οὕτως·</span> <span class='ocrx_word' id='word_1_7' title='bbox 550 370 582 437; x_wconf 85' lang='grc' dir='ltr'>οῖ</span> <span class='ocrx_word' id='word_1_8' title='bbox 610 366 754 438; x_wconf 71' lang='grc' dir='ltr'>Βοιωτοί</span> <span class='ocrx_word' id='word_1_9' title='bbox 779 366 863 438; x_wconf 85' lang='grc' dir='ltr'>τότε</span> <span class='ocrx_word' id='word_1_10' title='bbox 891 366 1053 462; x_wconf 75' lang='grc' dir='ltr'>τρέπουσι</span> <span class='ocrx_word' id='word_1_11' title='bbox 1079 362 1123 436; x_wconf 86' lang='grc' dir='ltr'>τδ</span> <span class='ocrx_word' id='word_1_12' title='bbox 1152 392 1175 432; x_wconf 79' lang='lat' dir='ltr'><strong>n</strong></span> <span class='ocrx_word' id='word_1_13' title='bbox 1203 365 1250 440; x_wconf 88' lang='grc' dir='ltr'>είς</span> <span class='ocrx_word' id='word_1_14' title='bbox 1276 363 1346 444; x_wconf 88' lang='grc' dir='ltr'>τὴν</span> <span class='ocrx_word' id='word_1_15' title='bbox 1373 391 1406 433; x_wconf 86' lang='grc' dir='ltr'>ιιι</span> 
     </span>
     <span class='ocr_line' id='line_1_3' title="bbox 290 475 1410 580; baseline -0.006 -26"><span class='ocrx_word' id='word_1_16' title='bbox 290 481 493 580; x_wconf 74' lang='grc' dir='ltr'><em>δίφθογγον,</em></span> <span class='ocrx_word' id='word_1_17' title='bbox 511 483 598 564; x_wconf 90' lang='grc' dir='ltr'>ὴνίκα</span> <span class='ocrx_word' id='word_1_18' title='bbox 615 483 659 565; x_wconf 88' lang='grc' dir='ltr'>μὴ</span> <span class='ocrx_word' id='word_1_19' title='bbox 682 478 843 579; x_wconf 74' lang='grc' dir='ltr'>τρέπεται</span> <span class='ocrx_word' id='word_1_20' title='bbox 868 478 911 551; x_wconf 88' lang='grc' dir='ltr'>τδ</span> <span class='ocrx_word' id='word_1_21' title='bbox 933 509 956 552; x_wconf 80' lang='grc' dir='ltr'>α</span> <span class='ocrx_word' id='word_1_22' title='bbox 981 483 1060 558; x_wconf 84' lang='grc' dir='ltr'>εῖςκ</span> <span class='ocrx_word' id='word_1_23' title='bbox 1082 475 1174 575; x_wconf 78' lang='grc' dir='ltr'>παρὰ</span> <span class='ocrx_word' id='word_1_24' title='bbox 1199 487 1276 554; x_wconf 89' lang='grc' dir='ltr'>τοῖς</span> <span class='ocrx_word' id='word_1_25' title='bbox 1291 479 1410 575; x_wconf 72' lang='grc' dir='ltr'>Δαρι-</span> 
     </span>
     <span class='ocr_line' id='line_1_4' title="bbox 290 591 1411 690; baseline -0.006 -20"><span class='ocrx_word' id='word_1_26' title='bbox 290 605 387 682; x_wconf 87' lang='grc' dir='ltr'>ειῖσιν,</span> <span class='ocrx_word' id='word_1_27' title='bbox 400 595 469 669; x_wconf 83' lang='grc' dir='ltr'>οῖον</span> <span class='ocrx_word' id='word_1_28' title='bbox 485 595 528 669; x_wconf 83' lang='grc' dir='ltr'>τὸ</span> <span class='ocrx_word' id='word_1_29' title='bbox 544 599 645 686; x_wconf 64' lang='grc' dir='ltr'>λέβης</span> <span class='ocrx_word' id='word_1_30' title='bbox 661 599 714 670; x_wconf 82' lang='grc' dir='ltr'>καί</span> <span class='ocrx_word' id='word_1_31' title='bbox 731 598 826 681; x_wconf 79' lang='grc' dir='ltr'>πίνης</span> <span class='ocrx_word' id='word_1_32' title='bbox 843 599 877 668; x_wconf 89' lang='grc' dir='ltr'>οί</span> <span class='ocrx_word' id='word_1_33' title='bbox 893 595 1039 668; x_wconf 81' lang='grc' dir='ltr'>Βοιωτοί</span> <span class='ocrx_word' id='word_1_34' title='bbox 1054 591 1105 667; x_wconf 84' lang='grc' dir='ltr'>διδ</span> <span class='ocrx_word' id='word_1_35' title='bbox 1123 601 1182 678; x_wconf 84' lang='grc' dir='ltr'>τῆς</span> <span class='ocrx_word' id='word_1_36' title='bbox 1196 623 1230 664; x_wconf 81' lang='grc' dir='ltr'>ει</span> <span class='ocrx_word' id='word_1_37' title='bbox 1250 591 1411 690; x_wconf 82' lang='grc' dir='ltr'>διφθόγ-</span> 
     </span>
     <span class='ocr_line' id='line_1_5' title="bbox 283 709 1468 811; baseline -0.006 -25"><span class='ocrx_word' id='word_1_38' title='bbox 283 741 354 806; x_wconf 85' lang='grc' dir='ltr'>,γου</span> <span class='ocrx_word' id='word_1_39' title='bbox 370 711 555 811; x_wconf 76' lang='grc' dir='ltr'>γράφουσι,</span> <span class='ocrx_word' id='word_1_40' title='bbox 573 715 682 802; x_wconf 81' lang='grc' dir='ltr'>λίβεις</span> <span class='ocrx_word' id='word_1_41' title='bbox 699 714 752 784; x_wconf 84' lang='grc' dir='ltr'>καῖ</span> <span class='ocrx_word' id='word_1_42' title='bbox 769 713 873 790; x_wconf 76' lang='grc' dir='ltr'>πίνεις</span> <span class='ocrx_word' id='word_1_43' title='bbox 889 713 1059 806; x_wconf 87' lang='grc' dir='ltr'>λε’γουτες,</span> <span class='ocrx_word' id='word_1_44' title='bbox 1077 709 1185 794; x_wconf 81' lang='grc' dir='ltr'>ἐπειδὴ</span> <span class='ocrx_word' id='word_1_45' title='bbox 1198 710 1254 780; x_wconf 83' lang='grc' dir='ltr'>ε’πῖ</span> <span class='ocrx_word' id='word_1_46' title='bbox 1271 711 1410 781; x_wconf 69' lang='grc' dir='ltr'>τούτων</span> <span class='ocrx_word' id='word_1_47' title='bbox 1467 782 1468 791; x_wconf 49' lang='grc'>,</span> 
     </span>
     <span class='ocr_line' id='line_1_6' title="bbox 291 823 1468 928; baseline -0.004 -27"><span class='ocrx_word' id='word_1_48' title='bbox 291 833 328 902; x_wconf 84' lang='grc' dir='ltr'>οιῖ</span> <span class='ocrx_word' id='word_1_49' title='bbox 356 831 515 928; x_wconf 74' lang='grc' dir='ltr'>τρέπουσι</span> <span class='ocrx_word' id='word_1_50' title='bbox 541 829 584 903; x_wconf 89' lang='grc' dir='ltr'>τδ</span> <span class='ocrx_word' id='word_1_51' title='bbox 611 861 633 901; x_wconf 80' lang='lat' dir='ltr'><strong>n</strong></span> <span class='ocrx_word' id='word_1_52' title='bbox 660 832 702 907; x_wconf 90' lang='grc' dir='ltr'>είς</span> <span class='ocrx_word' id='word_1_53' title='bbox 726 861 746 900; x_wconf 81' lang='grc' dir='ltr'>κ</span> <span class='ocrx_word' id='word_1_54' title='bbox 774 831 806 900; x_wconf 86' lang='grc' dir='ltr'>οῖ</span> <span class='ocrx_word' id='word_1_55' title='bbox 829 829 973 926; x_wconf 87' lang='grc' dir='ltr'>Δωριεῖς.</span> <span class='ocrx_word' id='word_1_56' title='bbox 1026 825 1080 900; x_wconf 89' lang='grc' dir='ltr'>Τδ</span> <span class='ocrx_word' id='word_1_57' title='bbox 1097 825 1132 898; x_wconf 83' lang='grc' dir='ltr'>δὲ</span> <span class='ocrx_word' id='word_1_58' title='bbox 1145 825 1326 924; x_wconf 88' lang='grc' dir='ltr'>Ἀτρείδης</span> <span class='ocrx_word' id='word_1_59' title='bbox 1350 823 1434 904; x_wconf 67' lang='grc' dir='ltr'>καῖε</span> <span class='ocrx_word' id='word_1_60' title='bbox 1467 850 1468 906; x_wconf 64' lang='lat'>1</span> 
     </span>
     <span class='ocr_line' id='line_1_7' title="bbox 286 941 1410 1044; baseline -0.005 -27"><span class='ocrx_word' id='word_1_61' title='bbox 286 945 455 1042; x_wconf 76' lang='grc' dir='ltr'>,Ὀρέστης</span> <span class='ocrx_word' id='word_1_62' title='bbox 470 943 580 1030; x_wconf 74' lang='grc' dir='ltr'>ἐπειδὴ</span> <span class='ocrx_word' id='word_1_63' title='bbox 604 945 783 1044; x_wconf 72' lang='grc' dir='ltr'>τρέπουσιν</span> <span class='ocrx_word' id='word_1_64' title='bbox 800 946 834 1014; x_wconf 90' lang='grc' dir='ltr'>οί</span> <span class='ocrx_word' id='word_1_65' title='bbox 850 944 985 1042; x_wconf 86' lang='grc' dir='ltr'>Δωριεῖς</span> <span class='ocrx_word' id='word_1_66' title='bbox 1000 941 1044 1015; x_wconf 88' lang='grc' dir='ltr'>τδ</span> <span class='ocrx_word' id='word_1_67' title='bbox 1063 972 1086 1013; x_wconf 76' lang='lat' dir='ltr'><strong>n</strong></span> <span class='ocrx_word' id='word_1_68' title='bbox 1107 945 1150 1022; x_wconf 87' lang='grc' dir='ltr'>είς</span> <span class='ocrx_word' id='word_1_69' title='bbox 1166 972 1188 1013; x_wconf 88' lang='grc' dir='ltr'>ιι</span> <span class='ocrx_word' id='word_1_70' title='bbox 1205 942 1261 1013; x_wconf 86' lang='grc' dir='ltr'>καῖ</span> <span class='ocrx_word' id='word_1_71' title='bbox 1280 943 1410 1036; x_wconf 77' lang='grc' dir='ltr'>λέγου-</span> 
     </span>
     <span class='ocr_line' id='line_1_8' title="bbox 291 1056 1407 1158; baseline -0.003 -27"><span class='ocrx_word' id='word_1_72' title='bbox 291 1091 344 1131; x_wconf 93' lang='grc' dir='ltr'>σιν</span> <span class='ocrx_word' id='word_1_73' title='bbox 360 1057 536 1158; x_wconf 89' lang='grc' dir='ltr'>Ἀτρείδας</span> <span class='ocrx_word' id='word_1_74' title='bbox 553 1059 729 1157; x_wconf 78' lang='grc' dir='ltr'>Ὀρέστας,</span> <span class='ocrx_word' id='word_1_75' title='bbox 747 1059 784 1129; x_wconf 85' lang='grc' dir='ltr'>οιῖ</span> <span class='ocrx_word' id='word_1_76' title='bbox 800 1059 979 1156; x_wconf 78' lang='grc' dir='ltr'>τρέπουσιν</span> <span class='ocrx_word' id='word_1_77' title='bbox 996 1060 1030 1129; x_wconf 84' lang='grc' dir='ltr'>οῖ</span> <span class='ocrx_word' id='word_1_78' title='bbox 1054 1056 1199 1128; x_wconf 89' lang='grc' dir='ltr'>Βοιωτοῖ</span> <span class='ocrx_word' id='word_1_79' title='bbox 1223 1057 1269 1134; x_wconf 84' lang='grc' dir='ltr'>είς</span> <span class='ocrx_word' id='word_1_80' title='bbox 1284 1059 1350 1140; x_wconf 86' lang='grc' dir='ltr'>τὴν</span> <span class='ocrx_word' id='word_1_81' title='bbox 1371 1087 1407 1128; x_wconf 78' lang='lat' dir='ltr'><strong>m</strong></span> 
     </span>
     <span class='ocr_line' id='line_1_9' title="bbox 291 1171 1410 1273; baseline 0.002 -27"><span class='ocrx_word' id='word_1_82' title='bbox 291 1175 485 1273; x_wconf 74' lang='grc' dir='ltr'>δίφθογγον</span> <span class='ocrx_word' id='word_1_83' title='bbox 500 1173 543 1246; x_wconf 87' lang='grc' dir='ltr'>τδ</span> <span class='ocrx_word' id='word_1_84' title='bbox 561 1206 596 1247; x_wconf 80' lang='lat' dir='ltr'>n.</span> <span class='ocrx_word' id='word_1_85' title='bbox 648 1173 698 1246; x_wconf 80' lang='grc' dir='ltr'>Εἴ</span> <span class='ocrx_word' id='word_1_86' title='bbox 711 1172 777 1272; x_wconf 76' lang='grc' dir='ltr'>ἄρα</span> <span class='ocrx_word' id='word_1_87' title='bbox 795 1171 848 1246; x_wconf 81' lang='grc' dir='ltr'>οιῖν</span> <span class='ocrx_word' id='word_1_88' title='bbox 864 1172 907 1246; x_wconf 89' lang='grc' dir='ltr'>τδ</span> <span class='ocrx_word' id='word_1_89' title='bbox 934 1175 1022 1272; x_wconf 88' lang='grc' dir='ltr'>χηλὴ</span> <span class='ocrx_word' id='word_1_90' title='bbox 1048 1173 1187 1266; x_wconf 77' lang='grc' dir='ltr'>λέγεται</span> <span class='ocrx_word' id='word_1_91' title='bbox 1213 1171 1309 1271; x_wconf 73' lang='grc' dir='ltr'>παρὰ</span> <span class='ocrx_word' id='word_1_92' title='bbox 1327 1183 1410 1248; x_wconf 74' lang='grc' dir='ltr'>τοῖς</span> 
     </span>
     <span class='ocr_line' id='line_1_10' title="bbox 292 1287 1470 1394; baseline 0 -34"><span class='ocrx_word' id='word_1_93' title='bbox 292 1293 449 1389; x_wconf 79' lang='grc' dir='ltr'>Δωριεῦσι</span> <span class='ocrx_word' id='word_1_94' title='bbox 475 1287 579 1386; x_wconf 82' lang='grc' dir='ltr'>χαλδ,</span> <span class='ocrx_word' id='word_1_95' title='bbox 603 1287 690 1361; x_wconf 82' lang='grc' dir='ltr'>κατὰ</span> <span class='ocrx_word' id='word_1_96' title='bbox 716 1289 845 1388; x_wconf 90' lang='grc' dir='ltr'>τροπὴν</span> <span class='ocrx_word' id='word_1_97' title='bbox 863 1291 1009 1388; x_wconf 89' lang='grc' dir='ltr'>Δωρικὴν</span> <span class='ocrx_word' id='word_1_98' title='bbox 1025 1295 1088 1362; x_wconf 80' lang='grc' dir='ltr'>τοῦ</span> <span class='ocrx_word' id='word_1_99' title='bbox 1109 1319 1131 1361; x_wconf 83' lang='grc' dir='ltr'>ιι</span> <span class='ocrx_word' id='word_1_100' title='bbox 1149 1291 1193 1367; x_wconf 85' lang='grc' dir='ltr'>είς</span> <span class='ocrx_word' id='word_1_101' title='bbox 1210 1319 1242 1374; x_wconf 78' lang='grc' dir='ltr'>ε,</span> <span class='ocrx_word' id='word_1_102' title='bbox 1259 1293 1300 1368; x_wconf 79' lang='grc' dir='ltr'>ὣς</span> <span class='ocrx_word' id='word_1_103' title='bbox 1318 1291 1409 1386; x_wconf 86' lang='grc' dir='ltr'>παρ’</span> <span class='ocrx_word' id='word_1_104' title='bbox 1469 1346 1470 1394; x_wconf 42' lang='grc' dir='ltr'>χ</span> 
     </span>
     <span class='ocr_line' id='line_1_11' title="bbox 290 1405 1454 1502; baseline 0.003 -26"><span class='ocrx_word' id='word_1_105' title='bbox 290 1405 452 1502; x_wconf 75' lang='grc' dir='ltr'>Εὐριπίδη</span> <span class='ocrx_word' id='word_1_106' title='bbox 469 1406 502 1476; x_wconf 81' lang='grc' dir='ltr'>ἐν</span> <span class='ocrx_word' id='word_1_107' title='bbox 518 1405 723 1490; x_wconf 78' lang='grc' dir='ltr'>Φοινίσσαις,</span> <span class='ocrx_word' id='word_1_108' title='bbox 747 1405 876 1499; x_wconf 61' lang='lat'>[1032]</span> <span class='ocrx_word' id='word_1_109' title='bbox 1422 1427 1454 1466; x_wconf 88' lang='lat'>¹0</span> 
     </span>
     <span class='ocr_line' id='line_1_12' title="bbox 452 1530 771 1602; baseline 0.009 -17"><span class='ocrx_word' id='word_1_110' title='bbox 452 1531 564 1602; x_wconf 76' lang='grc' dir='ltr'>χαλαῖσί</span> <span class='ocrx_word' id='word_1_111' title='bbox 576 1551 606 1584; x_wconf 89' lang='grc' dir='ltr'>τε</span> <span class='ocrx_word' id='word_1_112' title='bbox 620 1530 771 1601; x_wconf 71' lang='grc' dir='ltr'>ὠμοσίτοις,</span> 
     </span>
     <span class='ocr_line' id='line_1_13' title="bbox 292 1628 1471 1732; baseline 0.001 -25"><span class='ocrx_word' id='word_1_113' title='bbox 292 1635 446 1720; x_wconf 85' lang='grc' dir='ltr'>δηλονότι</span> <span class='ocrx_word' id='word_1_114' title='bbox 472 1635 509 1705; x_wconf 80' lang='grc' dir='ltr'>οὗ</span> <span class='ocrx_word' id='word_1_115' title='bbox 534 1632 681 1706; x_wconf 81' lang='grc' dir='ltr'>δύνανται</span> <span class='ocrx_word' id='word_1_116' title='bbox 708 1633 790 1706; x_wconf 78' lang='grc' dir='ltr'>αὐτὸ</span> <span class='ocrx_word' id='word_1_117' title='bbox 813 1643 950 1732; x_wconf 80' lang='grc' dir='ltr'>τοιῖισαι</span> <span class='ocrx_word' id='word_1_118' title='bbox 975 1639 1008 1707; x_wconf 86' lang='grc' dir='ltr'>οἱ</span> <span class='ocrx_word' id='word_1_119' title='bbox 1030 1635 1175 1706; x_wconf 81' lang='grc' dir='ltr'>Βοιωτοί</span> <span class='ocrx_word' id='word_1_120' title='bbox 1201 1633 1254 1706; x_wconf 82' lang='grc' dir='ltr'>διδ</span> <span class='ocrx_word' id='word_1_121' title='bbox 1280 1643 1343 1718; x_wconf 73' lang='grc' dir='ltr'>τῆς</span> <span class='ocrx_word' id='word_1_122' title='bbox 1368 1666 1404 1708; x_wconf 73' lang='grc' dir='ltr'>ιι</span> <span class='ocrx_word' id='word_1_123' title='bbox 1470 1628 1471 1680; x_wconf 53' lang='lat'><em>³</em></span> 
     </span>
     <span class='ocr_line' id='line_1_14' title="bbox 292 1748 1406 1850; baseline 0.001 -27"><span class='ocrx_word' id='word_1_124' title='bbox 292 1752 488 1850; x_wconf 85' lang='grc' dir='ltr'>διφθόγγον</span> <span class='ocrx_word' id='word_1_125' title='bbox 502 1748 589 1822; x_wconf 76' lang='grc' dir='ltr'>κατὰ</span> <span class='ocrx_word' id='word_1_126' title='bbox 606 1750 737 1848; x_wconf 88' lang='grc' dir='ltr'>τροπὴν</span> <span class='ocrx_word' id='word_1_127' title='bbox 752 1757 814 1824; x_wconf 82' lang='grc' dir='ltr'>τοῦ</span> <span class='ocrx_word' id='word_1_128' title='bbox 831 1781 854 1822; x_wconf 86' lang='grc' dir='ltr'>ιι</span> <span class='ocrx_word' id='word_1_129' title='bbox 872 1753 915 1829; x_wconf 84' lang='grc' dir='ltr'>είς</span> <span class='ocrx_word' id='word_1_130' title='bbox 931 1752 992 1835; x_wconf 92' lang='grc' dir='ltr'>τὴν</span> <span class='ocrx_word' id='word_1_131' title='bbox 1009 1781 1043 1824; x_wconf 87' lang='grc' dir='ltr'>ιιι</span> <span class='ocrx_word' id='word_1_132' title='bbox 1066 1750 1276 1849; x_wconf 76' lang='grc' dir='ltr'>δίφθογγον.</span> <span class='ocrx_word' id='word_1_133' title='bbox 1329 1753 1406 1824; x_wconf 72' lang='grc' dir='ltr'>Οιῖκ</span> 
     </span>
     <span class='ocr_line' id='line_1_15' title="bbox 293 1862 1472 1966; baseline 0.003 -30"><span class='ocrx_word' id='word_1_134' title='bbox 293 1866 359 1964; x_wconf 78' lang='grc' dir='ltr'>ἄρα</span> <span class='ocrx_word' id='word_1_135' title='bbox 387 1864 441 1936; x_wconf 81' lang='grc' dir='ltr'>οδν</span> <span class='ocrx_word' id='word_1_136' title='bbox 460 1862 504 1936; x_wconf 84' lang='grc' dir='ltr'>τὸ</span> <span class='ocrx_word' id='word_1_137' title='bbox 534 1865 774 1962; x_wconf 76' lang='grc' dir='ltr'>ἀγκυλοχείλης</span> <span class='ocrx_word' id='word_1_138' title='bbox 802 1867 957 1939; x_wconf 86' lang='grc' dir='ltr'>σιίνθετον</span> <span class='ocrx_word' id='word_1_139' title='bbox 985 1867 1078 1939; x_wconf 78' lang='grc' dir='ltr'>ἐστίν</span> <span class='ocrx_word' id='word_1_140' title='bbox 1108 1865 1177 1939; x_wconf 82' lang='grc' dir='ltr'>ἆτδ</span> <span class='ocrx_word' id='word_1_141' title='bbox 1206 1874 1270 1940; x_wconf 81' lang='grc' dir='ltr'>τοῦ</span> <span class='ocrx_word' id='word_1_142' title='bbox 1298 1871 1404 1966; x_wconf 88' lang='grc' dir='ltr'>χηλὴ,</span> <span class='ocrx_word' id='word_1_143' title='bbox 1471 1910 1472 1928; x_wconf 59' lang='grc' dir='ltr'>ι</span> 
     </span>
     <span class='ocr_line' id='line_1_16' title="bbox 295 1981 1451 2081; baseline 0.002 -27"><span class='ocrx_word' id='word_1_144' title='bbox 295 1982 372 2054; x_wconf 73' lang='grc' dir='ltr'>ἀλλ’</span> <span class='ocrx_word' id='word_1_145' title='bbox 400 1982 474 2053; x_wconf 79' lang='grc' dir='ltr'>ἔστι</span> <span class='ocrx_word' id='word_1_146' title='bbox 501 1981 761 2080; x_wconf 79' lang='grc' dir='ltr'>παρασύνθετον,</span> <span class='ocrx_word' id='word_1_147' title='bbox 788 1984 829 2057; x_wconf 73' lang='grc' dir='ltr'>ὡς</span> <span class='ocrx_word' id='word_1_148' title='bbox 858 1982 1007 2081; x_wconf 77' lang='grc' dir='ltr'>ἀνωτέρω</span> <span class='ocrx_word' id='word_1_149' title='bbox 1033 1985 1211 2080; x_wconf 82' lang='grc' dir='ltr'>εῖρὴκαμεν.</span> <span class='ocrx_word' id='word_1_150' title='bbox 1254 1982 1331 2055; x_wconf 89' lang='grc' dir='ltr'>Ἵνα</span> <span class='ocrx_word' id='word_1_151' title='bbox 1368 1985 1403 2056; x_wconf 74' lang='grc' dir='ltr'>δὲ</span> <span class='ocrx_word' id='word_1_152' title='bbox 1417 2009 1451 2064; x_wconf 82' lang='lat'>¹5</span> 
     </span>
     <span class='ocr_line' id='line_1_17' title="bbox 294 2094 1403 2197; baseline 0.002 -27"><span class='ocrx_word' id='word_1_153' title='bbox 294 2103 379 2184; x_wconf 84' lang='grc' dir='ltr'>μὴτε</span> <span class='ocrx_word' id='word_1_154' title='bbox 402 2105 506 2170; x_wconf 68' lang='grc' dir='ltr'>τοῦτο</span> <span class='ocrx_word' id='word_1_155' title='bbox 528 2094 794 2197; x_wconf 74' lang='grc' dir='ltr'>παραλὴψωμεν,</span> <span class='ocrx_word' id='word_1_156' title='bbox 812 2096 860 2170; x_wconf 91' lang='grc' dir='ltr'>δεῖ</span> <span class='ocrx_word' id='word_1_157' title='bbox 875 2101 1043 2191; x_wconf 79' lang='grc' dir='ltr'>γινώσκειν</span> <span class='ocrx_word' id='word_1_158' title='bbox 1059 2098 1113 2172; x_wconf 84' lang='grc' dir='ltr'>ὅτι</span> <span class='ocrx_word' id='word_1_159' title='bbox 1135 2099 1219 2178; x_wconf 72' lang='grc' dir='ltr'>τινὲς</span> <span class='ocrx_word' id='word_1_160' title='bbox 1235 2103 1403 2186; x_wconf 72' lang='grc' dir='ltr'>ἤθε’λησαν</span> 
     </span>
     <span class='ocr_line' id='line_1_18' title="bbox 294 2192 1473 2313; baseline 0.003 -29"><span class='ocrx_word' id='word_1_161' title='bbox 294 2215 404 2308; x_wconf 86' lang='grc' dir='ltr'>λε’γειν</span> <span class='ocrx_word' id='word_1_162' title='bbox 430 2213 511 2287; x_wconf 82' lang='grc' dir='ltr'>αιἰτδ</span> <span class='ocrx_word' id='word_1_163' title='bbox 537 2214 785 2310; x_wconf 78' lang='grc' dir='ltr'>παρασιίνθετον</span> <span class='ocrx_word' id='word_1_164' title='bbox 806 2219 928 2286; x_wconf 77' lang='grc' dir='ltr'>τοῦτον</span> <span class='ocrx_word' id='word_1_165' title='bbox 952 2213 1013 2286; x_wconf 88' lang='grc' dir='ltr'>πδν</span> <span class='ocrx_word' id='word_1_166' title='bbox 1037 2215 1177 2312; x_wconf 85' lang='grc' dir='ltr'>τρόπον·</span> <span class='ocrx_word' id='word_1_167' title='bbox 1212 2216 1319 2313; x_wconf 84' lang='grc' dir='ltr'>φασίν</span> <span class='ocrx_word' id='word_1_168' title='bbox 1346 2218 1403 2289; x_wconf 84' lang='grc' dir='ltr'>ὅτι</span> <span class='ocrx_word' id='word_1_169' title='bbox 1472 2192 1473 2210; x_wconf 33' lang='grc' dir='ltr'>δ</span> 
     </span>
     <span class='ocr_line' id='line_1_19' title="bbox 295 2328 1405 2428; baseline 0.003 -28"><span class='ocrx_word' id='word_1_170' title='bbox 295 2328 364 2401; x_wconf 85' lang='grc' dir='ltr'>ἆπδ</span> <span class='ocrx_word' id='word_1_171' title='bbox 380 2337 443 2403; x_wconf 79' lang='grc' dir='ltr'>τοῦ</span> <span class='ocrx_word' id='word_1_172' title='bbox 457 2339 573 2428; x_wconf 80' lang='grc' dir='ltr'>χεῖλος</span> <span class='ocrx_word' id='word_1_173' title='bbox 588 2331 723 2423; x_wconf 73' lang='grc' dir='ltr'>ἐγένετο</span> <span class='ocrx_word' id='word_1_174' title='bbox 748 2331 987 2428; x_wconf 79' lang='grc' dir='ltr'>δγκυλοχειλὴς</span> <span class='ocrx_word' id='word_1_175' title='bbox 1009 2330 1166 2402; x_wconf 75' lang='grc' dir='ltr'>σύνθετον</span> <span class='ocrx_word' id='word_1_176' title='bbox 1183 2329 1274 2425; x_wconf 80' lang='grc' dir='ltr'>ὀξείᾳ</span> <span class='ocrx_word' id='word_1_177' title='bbox 1290 2330 1405 2414; x_wconf 83' lang='grc' dir='ltr'>τείσει,</span> 
     </span>
     <span class='ocr_line' id='line_1_20' title="bbox 295 2443 1404 2547; baseline 0.004 -31"><span class='ocrx_word' id='word_1_178' title='bbox 295 2445 347 2516; x_wconf 81' lang='grc' dir='ltr'>καῖ</span> <span class='ocrx_word' id='word_1_179' title='bbox 373 2447 406 2516; x_wconf 90' lang='grc' dir='ltr'>ε’ν</span> <span class='ocrx_word' id='word_1_180' title='bbox 430 2447 549 2544; x_wconf 77' lang='grc' dir='ltr'>βαρείᾳ</span> <span class='ocrx_word' id='word_1_181' title='bbox 574 2443 671 2517; x_wconf 80' lang='grc' dir='ltr'>τείσει</span> <span class='ocrx_word' id='word_1_182' title='bbox 697 2446 958 2546; x_wconf 84' lang='grc' dir='ltr'>ταρασιίυθετον,</span> <span class='ocrx_word' id='word_1_183' title='bbox 978 2446 1228 2544; x_wconf 75' lang='grc' dir='ltr'>ἀγκυλοχείλης·</span> <span class='ocrx_word' id='word_1_184' title='bbox 1254 2451 1308 2520; x_wconf 87' lang='grc' dir='ltr'>καῖ</span> <span class='ocrx_word' id='word_1_185' title='bbox 1331 2449 1404 2547; x_wconf 75' lang='grc' dir='ltr'>γὰρ</span> 
     </span>
     <span class='ocr_line' id='line_1_21' title="bbox 295 2557 1451 2662; baseline -0.001 -30"><span class='ocrx_word' id='word_1_186' title='bbox 295 2557 459 2640; x_wconf 78' lang='grc' dir='ltr'>πολλάκις</span> <span class='ocrx_word' id='word_1_187' title='bbox 471 2562 523 2634; x_wconf 86' lang='grc' dir='ltr'>καῖ</span> <span class='ocrx_word' id='word_1_188' title='bbox 541 2563 561 2634; x_wconf 87' lang='grc' dir='ltr'><strong><em>ὁ</em></strong></span> <span class='ocrx_word' id='word_1_189' title='bbox 577 2561 674 2638; x_wconf 81' lang='grc' dir='ltr'>τόνος</span> <span class='ocrx_word' id='word_1_190' title='bbox 685 2559 729 2634; x_wconf 84' lang='grc' dir='ltr'>τδ</span> <span class='ocrx_word' id='word_1_191' title='bbox 742 2569 858 2659; x_wconf 78' lang='grc' dir='ltr'>σχῆμα</span> <span class='ocrx_word' id='word_1_192' title='bbox 871 2558 1081 2634; x_wconf 76' lang='grc' dir='ltr'>ἐναλλάττει.</span> <span class='ocrx_word' id='word_1_193' title='bbox 1103 2561 1190 2636; x_wconf 75' lang='grc' dir='ltr'>Ἰδοὺ</span> <span class='ocrx_word' id='word_1_194' title='bbox 1201 2561 1326 2662; x_wconf 76' lang='grc' dir='ltr'>γὰρτὸ</span> <span class='ocrx_word' id='word_1_195' title='bbox 1342 2565 1404 2650; x_wconf 80' lang='grc' dir='ltr'>μὲν</span> <span class='ocrx_word' id='word_1_196' title='bbox 1414 2593 1451 2632; x_wconf 76' lang='grc' dir='ltr'>ιο</span> 
     </span>
     <span class='ocr_line' id='line_1_22' title="bbox 295 2675 1403 2777; baseline 0.003 -27"><span class='ocrx_word' id='word_1_197' title='bbox 295 2679 462 2773; x_wconf 86' lang='grc' dir='ltr'>τηλαυγὴς</span> <span class='ocrx_word' id='word_1_198' title='bbox 478 2679 530 2752; x_wconf 85' lang='grc' dir='ltr'>καῖ</span> <span class='ocrx_word' id='word_1_199' title='bbox 549 2678 745 2777; x_wconf 84' lang='grc' dir='ltr'>παγκρατὴς</span> <span class='ocrx_word' id='word_1_200' title='bbox 767 2678 908 2750; x_wconf 78' lang='grc' dir='ltr'>σύνθετα</span> <span class='ocrx_word' id='word_1_201' title='bbox 934 2677 1010 2762; x_wconf 82' lang='grc' dir='ltr'>είσῖ,</span> <span class='ocrx_word' id='word_1_202' title='bbox 1027 2675 1071 2750; x_wconf 88' lang='grc' dir='ltr'>τδ</span> <span class='ocrx_word' id='word_1_203' title='bbox 1097 2676 1131 2750; x_wconf 80' lang='grc' dir='ltr'>δὲ</span> <span class='ocrx_word' id='word_1_204' title='bbox 1155 2682 1325 2774; x_wconf 88' lang='grc' dir='ltr'>τηλαιίγης</span> <span class='ocrx_word' id='word_1_205' title='bbox 1348 2683 1403 2753; x_wconf 82' lang='grc' dir='ltr'>καῖ</span> 
     </span>
     <span class='ocr_line' id='line_1_23' title="bbox 295 2790 1405 2892; baseline 0.004 -26"><span class='ocrx_word' id='word_1_206' title='bbox 295 2792 491 2888; x_wconf 87' lang='grc' dir='ltr'>παγκριίτης</span> <span class='ocrx_word' id='word_1_207' title='bbox 516 2795 760 2892; x_wconf 80' lang='grc' dir='ltr'>παρασίνθετα.</span> <span class='ocrx_word' id='word_1_208' title='bbox 811 2791 928 2870; x_wconf 77' lang='grc' dir='ltr'>Οὕτως</span> <span class='ocrx_word' id='word_1_209' title='bbox 944 2790 998 2864; x_wconf 79' lang='grc' dir='ltr'>οδν</span> <span class='ocrx_word' id='word_1_210' title='bbox 1015 2792 1089 2866; x_wconf 85' lang='grc' dir='ltr'>ε’στῖ</span> <span class='ocrx_word' id='word_1_211' title='bbox 1114 2795 1167 2865; x_wconf 85' lang='grc' dir='ltr'>καῖ</span> <span class='ocrx_word' id='word_1_212' title='bbox 1190 2793 1233 2869; x_wconf 87' lang='grc' dir='ltr'>τδ</span> <span class='ocrx_word' id='word_1_213' title='bbox 1257 2797 1405 2890; x_wconf 86' lang='grc' dir='ltr'>ιἰγκυλο-</span> 
     </span>
     <span class='ocr_line' id='line_1_24' title="bbox 296 2906 1405 3008; baseline 0.005 -30"><span class='ocrx_word' id='word_1_214' title='bbox 296 2910 409 3006; x_wconf 90' lang='grc' dir='ltr'>χειλὴς</span> <span class='ocrx_word' id='word_1_215' title='bbox 434 2909 589 2981; x_wconf 76' lang='grc' dir='ltr'>σύνθετον</span> <span class='ocrx_word' id='word_1_216' title='bbox 613 2906 780 3003; x_wconf 80' lang='grc' dir='ltr'>ὀξυτόνως,</span> <span class='ocrx_word' id='word_1_217' title='bbox 806 2909 858 2979; x_wconf 85' lang='grc' dir='ltr'>καῖ</span> <span class='ocrx_word' id='word_1_218' title='bbox 886 2910 1126 3006; x_wconf 78' lang='grc' dir='ltr'>ἀγκυλοχείλης</span> <span class='ocrx_word' id='word_1_219' title='bbox 1152 2913 1405 3008; x_wconf 85' lang='grc' dir='ltr'>παρασιίνθετον</span> 
     </span>
     <span class='ocr_line' id='line_1_25' title="bbox 297 3023 1405 3126; baseline 0.007 -34"><span class='ocrx_word' id='word_1_220' title='bbox 297 3023 495 3120; x_wconf 86' lang='grc' dir='ltr'>βαρυτόνως·</span> <span class='ocrx_word' id='word_1_221' title='bbox 525 3026 726 3096; x_wconf 77' lang='grc' dir='ltr'>ἐναντιοῦται</span> <span class='ocrx_word' id='word_1_222' title='bbox 753 3023 787 3096; x_wconf 84' lang='grc' dir='ltr'>δὲ</span> <span class='ocrx_word' id='word_1_223' title='bbox 811 3025 922 3103; x_wconf 76' lang='grc' dir='ltr'>αι’νιοῖς</span> <span class='ocrx_word' id='word_1_224' title='bbox 952 3028 970 3108; x_wconf 84' lang='grc' dir='ltr'>ὴ</span> <span class='ocrx_word' id='word_1_225' title='bbox 999 3027 1116 3104; x_wconf 87' lang='grc' dir='ltr'>κλίσις·</span> <span class='ocrx_word' id='word_1_226' title='bbox 1150 3030 1180 3098; x_wconf 85' lang='grc' dir='ltr'>εί</span> <span class='ocrx_word' id='word_1_227' title='bbox 1205 3025 1274 3126; x_wconf 77' lang='grc' dir='ltr'>γὰρ</span> <span class='ocrx_word' id='word_1_228' title='bbox 1302 3028 1405 3106; x_wconf 76' lang='grc' dir='ltr'>οὕτως</span> 
     </span>
     <span class='ocr_line' id='line_1_26' title="bbox 298 3137 1448 3240; baseline 0.008 -34"><span class='ocrx_word' id='word_1_229' title='bbox 298 3137 445 3231; x_wconf 76' lang='grc' dir='ltr'>γέγονεν,</span> <span class='ocrx_word' id='word_1_230' title='bbox 459 3137 600 3237; x_wconf 76' lang='grc' dir='ltr'>ὤφειλεν</span> <span class='ocrx_word' id='word_1_231' title='bbox 617 3142 660 3217; x_wconf 88' lang='grc' dir='ltr'>είς</span> <span class='ocrx_word' id='word_1_232' title='bbox 677 3168 735 3212; x_wconf 69' lang='grc' dir='ltr'>ουτ</span> <span class='ocrx_word' id='word_1_233' title='bbox 751 3140 837 3238; x_wconf 82' lang='grc' dir='ltr'>ἔχειν</span> <span class='ocrx_word' id='word_1_234' title='bbox 853 3141 913 3224; x_wconf 90' lang='grc' dir='ltr'>τὴν</span> <span class='ocrx_word' id='word_1_235' title='bbox 930 3145 1066 3232; x_wconf 83' lang='grc' dir='ltr'>γενικὴν.</span> <span class='ocrx_word' id='word_1_236' title='bbox 1101 3139 1157 3212; x_wconf 81' lang='grc' dir='ltr'>Τὰ</span> <span class='ocrx_word' id='word_1_237' title='bbox 1174 3139 1244 3240; x_wconf 81' lang='grc' dir='ltr'>γδρ</span> <span class='ocrx_word' id='word_1_238' title='bbox 1260 3151 1403 3215; x_wconf 77' lang='grc' dir='ltr'>τοιαῦτα</span> <span class='ocrx_word' id='word_1_239' title='bbox 1415 3171 1448 3230; x_wconf 84' lang='lat'>25</span> 
     </span>
     <span class='ocr_line' id='line_1_27' title="bbox 298 3255 1406 3352; baseline 0.005 -26"><span class='ocrx_word' id='word_1_240' title='bbox 298 3255 341 3332; x_wconf 86' lang='grc' dir='ltr'>είς</span> <span class='ocrx_word' id='word_1_241' title='bbox 368 3283 424 3326; x_wconf 72' lang='grc' dir='ltr'>οτι</span> <span class='ocrx_word' id='word_1_242' title='bbox 449 3256 562 3352; x_wconf 81' lang='grc' dir='ltr'>ἔχουσι</span> <span class='ocrx_word' id='word_1_243' title='bbox 589 3257 649 3339; x_wconf 90' lang='grc' dir='ltr'>τὴν</span> <span class='ocrx_word' id='word_1_244' title='bbox 666 3257 802 3349; x_wconf 88' lang='grc' dir='ltr'>γενικὴν,</span> <span class='ocrx_word' id='word_1_245' title='bbox 821 3255 890 3328; x_wconf 73' lang='grc' dir='ltr'>οἷον</span> <span class='ocrx_word' id='word_1_246' title='bbox 912 3257 1079 3350; x_wconf 87' lang='grc' dir='ltr'>τηλαυγὴς</span> <span class='ocrx_word' id='word_1_247' title='bbox 1099 3265 1286 3352; x_wconf 85' lang='grc' dir='ltr'>τηλαυγοιῖς</span> <span class='ocrx_word' id='word_1_248' title='bbox 1311 3291 1406 3352; x_wconf 84' lang='grc' dir='ltr'>παγ·</span> 
     </span>
     <span class='ocr_line' id='line_1_28' title="bbox 298 3371 1404 3472; baseline 0.005 -30"><span class='ocrx_word' id='word_1_249' title='bbox 298 3371 419 3469; x_wconf 91' lang='grc' dir='ltr'>κρατὴς</span> <span class='ocrx_word' id='word_1_250' title='bbox 435 3381 661 3472; x_wconf 79' lang='grc' dir='ltr'>παγκρατεῖς,</span> <span class='ocrx_word' id='word_1_251' title='bbox 677 3373 730 3443; x_wconf 87' lang='grc' dir='ltr'>καῖ</span> <span class='ocrx_word' id='word_1_252' title='bbox 747 3372 914 3464; x_wconf 74' lang='grc' dir='ltr'>τηλαιίγης</span> <span class='ocrx_word' id='word_1_253' title='bbox 929 3373 1116 3465; x_wconf 82' lang='grc' dir='ltr'>τηλαιίγαυς</span> <span class='ocrx_word' id='word_1_254' title='bbox 1134 3373 1187 3444; x_wconf 87' lang='grc' dir='ltr'>καῖ</span> <span class='ocrx_word' id='word_1_255' title='bbox 1205 3373 1404 3472; x_wconf 79' lang='grc' dir='ltr'>ταγκρᾶτης</span> 
     </span>
     <span class='ocr_line' id='line_1_29' title="bbox 299 3484 1405 3586; baseline 0.004 -28"><span class='ocrx_word' id='word_1_256' title='bbox 299 3485 523 3585; x_wconf 85' lang='grc' dir='ltr'>ταγκριίτους,</span> <span class='ocrx_word' id='word_1_257' title='bbox 546 3487 646 3566; x_wconf 75' lang='grc' dir='ltr'>οὕτως</span> <span class='ocrx_word' id='word_1_258' title='bbox 674 3484 727 3558; x_wconf 80' lang='grc' dir='ltr'>οιῖν</span> <span class='ocrx_word' id='word_1_259' title='bbox 753 3485 993 3584; x_wconf 88' lang='grc' dir='ltr'>εἰγκυλοχειλὴς</span> <span class='ocrx_word' id='word_1_260' title='bbox 1018 3489 1277 3586; x_wconf 82' lang='grc' dir='ltr'>ἆγκυλοχειλοιῖς</span> <span class='ocrx_word' id='word_1_261' title='bbox 1302 3492 1405 3582; x_wconf 78' lang='grc' dir='ltr'>ἀγκυ-</span> 
     </span>
     <span class='ocr_line' id='line_1_30' title="bbox 297 3601 1403 3703; baseline 0.005 -32"><span class='ocrx_word' id='word_1_262' title='bbox 297 3603 454 3697; x_wconf 88' lang='grc' dir='ltr'>λοχείλης</span> <span class='ocrx_word' id='word_1_263' title='bbox 483 3603 740 3700; x_wconf 83' lang='grc' dir='ltr'>ἁγκυλοχείλους</span> <span class='ocrx_word' id='word_1_264' title='bbox 763 3602 905 3700; x_wconf 78' lang='grc' dir='ltr'>ὤφειλεν</span> <span class='ocrx_word' id='word_1_265' title='bbox 928 3601 1018 3692; x_wconf 83' lang='grc' dir='ltr'>εῖναι,</span> <span class='ocrx_word' id='word_1_266' title='bbox 1040 3602 1132 3678; x_wconf 77' lang='grc' dir='ltr'>ἆλλῖι</span> <span class='ocrx_word' id='word_1_267' title='bbox 1162 3605 1403 3703; x_wconf 85' lang='grc' dir='ltr'>ιἰγκυλαχείλης</span> 
     </span>
     <span class='ocr_line' id='line_1_31' title="bbox 298 3715 1447 3817; baseline 0.011 -34"><span class='ocrx_word' id='word_1_268' title='bbox 298 3715 542 3811; x_wconf 85' lang='grc' dir='ltr'>ἆγκυλοχείλου</span> <span class='ocrx_word' id='word_1_269' title='bbox 558 3717 679 3813; x_wconf 80' lang='grc' dir='ltr'>φαμὲν,</span> <span class='ocrx_word' id='word_1_270' title='bbox 695 3717 784 3791; x_wconf 76' lang='grc' dir='ltr'>ὥστε</span> <span class='ocrx_word' id='word_1_271' title='bbox 809 3715 874 3817; x_wconf 74' lang='grc' dir='ltr'>ἄρα</span> <span class='ocrx_word' id='word_1_272' title='bbox 900 3721 956 3790; x_wconf 81' lang='grc' dir='ltr'>οὗκ</span> <span class='ocrx_word' id='word_1_273' title='bbox 981 3720 1114 3813; x_wconf 73' lang='grc' dir='ltr'>ἐγένετο</span> <span class='ocrx_word' id='word_1_274' title='bbox 1139 3720 1248 3804; x_wconf 75' lang='grc' dir='ltr'>οὕτως,</span> <span class='ocrx_word' id='word_1_275' title='bbox 1266 3722 1344 3794; x_wconf 80' lang='grc' dir='ltr'>ἄλλ’</span> <span class='ocrx_word' id='word_1_276' title='bbox 1363 3725 1447 3814; x_wconf 68' lang='grc' dir='ltr'>ὧςςο</span> 
     </span>
     <span class='ocr_line' id='line_1_32' title="bbox 216 3828 1401 3934; baseline 0.008 -34"><span class='ocrx_word' id='word_1_277' title='bbox 216 3837 257 3920; x_wconf 88' lang='grc'>96</span> <span class='ocrx_word' id='word_1_278' title='bbox 273 3828 447 3926; x_wconf 83' lang='grc' dir='ltr'>αᾶνωτίρω</span> <span class='ocrx_word' id='word_1_279' title='bbox 463 3832 639 3929; x_wconf 81' lang='grc' dir='ltr'>είρὴκαιιεν,</span> <span class='ocrx_word' id='word_1_280' title='bbox 658 3834 834 3907; x_wconf 79' lang='grc' dir='ltr'>τουτέστιν</span> <span class='ocrx_word' id='word_1_281' title='bbox 851 3835 1092 3934; x_wconf 80' lang='grc' dir='ltr'>ἀγκυλοχείλης</span> <span class='ocrx_word' id='word_1_282' title='bbox 1108 3835 1177 3908; x_wconf 83' lang='grc' dir='ltr'>ἆπδ</span> <span class='ocrx_word' id='word_1_283' title='bbox 1200 3843 1262 3911; x_wconf 87' lang='grc' dir='ltr'>τοιῖ</span> <span class='ocrx_word' id='word_1_284' title='bbox 1277 3845 1401 3934; x_wconf 83' lang='grc' dir='ltr'>χεῖλος,</span> 
     </span>
     <span class='ocr_line' id='line_1_33' title="bbox 300 3945 809 4046; baseline 0.01 -32"><span class='ocrx_word' id='word_1_285' title='bbox 300 3945 539 4041; x_wconf 79' lang='grc' dir='ltr'>ἀγκυλοχείλης</span> <span class='ocrx_word' id='word_1_286' title='bbox 555 3947 809 4046; x_wconf 86' lang='grc' dir='ltr'>εἰγκυλοχείλον.</span> 
     </span>
     <span class='ocr_line' id='line_1_34' title="bbox 351 4059 1403 4166; baseline 0.01 -37"><span class='ocrx_word' id='word_1_287' title='bbox 351 4069 371 4102; x_wconf 91' lang='lat'>“</span> <span class='ocrx_word' id='word_1_288' title='bbox 386 4059 517 4132; x_wconf 81' lang='grc' dir='ltr'>Είδὲναι</span> <span class='ocrx_word' id='word_1_289' title='bbox 536 4060 570 4134; x_wconf 72' lang='grc' dir='ltr'>δὲ</span> <span class='ocrx_word' id='word_1_290' title='bbox 583 4061 639 4146; x_wconf 89' lang='grc' dir='ltr'>δεῖ,</span> <span class='ocrx_word' id='word_1_291' title='bbox 657 4064 712 4136; x_wconf 80' lang='grc' dir='ltr'>ὅτι</span> <span class='ocrx_word' id='word_1_292' title='bbox 725 4066 820 4136; x_wconf 78' lang='grc' dir='ltr'>πᾶσα</span> <span class='ocrx_word' id='word_1_293' title='bbox 839 4069 946 4160; x_wconf 91' lang='grc' dir='ltr'>γενικὴ</span> <span class='ocrx_word' id='word_1_294' title='bbox 964 4073 1007 4147; x_wconf 86' lang='grc' dir='ltr'>είς</span> <span class='ocrx_word' id='word_1_295' title='bbox 1025 4097 1084 4140; x_wconf 73' lang='grc' dir='ltr'>ατε</span> <span class='ocrx_word' id='word_1_296' title='bbox 1100 4073 1252 4162; x_wconf 85' lang='grc' dir='ltr'>λὴγουσα</span> <span class='ocrx_word' id='word_1_297' title='bbox 1271 4099 1403 4166; x_wconf 87' lang='grc' dir='ltr'>σννηρη-</span> 
     </span>
     <span class='ocr_line' id='line_1_35' title="bbox 299 4175 1401 4281; baseline 0.008 -36"><span class='ocrx_word' id='word_1_298' title='bbox 299 4175 377 4258; x_wconf 82' lang='grc' dir='ltr'>μίνη</span> <span class='ocrx_word' id='word_1_299' title='bbox 400 4177 485 4249; x_wconf 83' lang='grc' dir='ltr'>ἐστι.</span> <span class='ocrx_word' id='word_1_300' title='bbox 538 4179 601 4250; x_wconf 86' lang='grc' dir='ltr'>Δεῖ</span> <span class='ocrx_word' id='word_1_301' title='bbox 624 4177 678 4250; x_wconf 76' lang='grc' dir='ltr'>οὖν</span> <span class='ocrx_word' id='word_1_302' title='bbox 703 4177 764 4252; x_wconf 84' lang='grc' dir='ltr'>τὸν</span> <span class='ocrx_word' id='word_1_303' title='bbox 786 4182 940 4256; x_wconf 79' lang='grc' dir='ltr'>κλίνοντα</span> <span class='ocrx_word' id='word_1_304' title='bbox 967 4183 1135 4281; x_wconf 79' lang='grc' dir='ltr'>πρότερον</span> <span class='ocrx_word' id='word_1_305' title='bbox 1154 4179 1338 4269; x_wconf 75' lang='grc' dir='ltr'>λαμβάνειν</span> <span class='ocrx_word' id='word_1_306' title='bbox 1360 4183 1401 4256; x_wconf 87' lang='grc' dir='ltr'>τδ</span> 
     </span>
    </p>
   </div>
   <div class='ocr_carea' id='block_1_3' title="bbox 299 4289 1441 4398">
    <p class='ocr_par' dir='ltr' id='par_1_3' title="bbox 299 4289 1441 4398">
     <span class='ocr_line' id='line_1_36' title="bbox 299 4289 1441 4398; baseline 0.014 -37"><span class='ocrx_word' id='word_1_307' title='bbox 299 4289 436 4376; x_wconf 78' lang='grc' dir='ltr'>ἐντελὲς,</span> <span class='ocrx_word' id='word_1_308' title='bbox 466 4294 518 4364; x_wconf 79' lang='grc' dir='ltr'>καί</span> <span class='ocrx_word' id='word_1_309' title='bbox 550 4291 634 4366; x_wconf 76' lang='grc' dir='ltr'>οὕτω</span> <span class='ocrx_word' id='word_1_310' title='bbox 663 4305 768 4366; x_wconf 88' lang='grc' dir='ltr'>ποιεῖν</span> <span class='ocrx_word' id='word_1_311' title='bbox 793 4297 852 4380; x_wconf 91' lang='grc' dir='ltr'>τὴν</span> <span class='ocrx_word' id='word_1_312' title='bbox 877 4299 1090 4398; x_wconf 88' lang='grc' dir='ltr'>συναίρεσιυ.”</span> <span class='ocrx_word' id='word_1_313' title='bbox 1141 4309 1161 4339; x_wconf 89' lang='grc'><strong>“</strong></span> <span class='ocrx_word' id='word_1_314' title='bbox 1175 4294 1230 4368; x_wconf 82' lang='grc' dir='ltr'>Τδ</span> <span class='ocrx_word' id='word_1_315' title='bbox 1261 4297 1400 4376; x_wconf 72' lang='grc' dir='ltr'>ἕπελὲε”</span> <span class='ocrx_word' id='word_1_316' title='bbox 1409 4334 1441 4390; x_wconf 83' lang='lat'>35</span> 
     </span>
    </p>
   </div>
   <div class='ocr_carea' id='block_1_4' title="bbox 0 0 1499 5014">
    <p class='ocr_par' dir='ltr' id='par_1_4' title="bbox 0 0 1499 5014">
     <span class='ocr_line' id='line_1_37' title="bbox 0 0 1499 5014; baseline 0 0"><span class='ocrx_word' id='word_1_317' title='bbox 0 0 1499 5014; x_wconf 95' lang='lat' dir='ltr'> </span> 
     </span>
    </p>
   </div>
  </div>
 </body>
</html>
