2954 5020
28 327 90 396 ιι.
419 340 485 400 ιιιτ
506 339 564 400 το
586 339 878 402 οιιοιιιτικου.
1156 338 1195 420 87

100 503 158 576 τόν
181 503 282 578 αὑτὸν
309 507 515 604 τρόπονκαὶ
541 505 610 578 άπὸ
635 513 696 579 τοῦ
725 511 840 604 φθεριῗι
860 507 1044 590 μέλλοντος
1071 509 1194 602 γίνεται

160 621 172 651 Ι

99 669 195 766 φθεὶρ
217 673 292 764 (sic)
308 667 394 740 κατά
410 670 587 756 άποβολήν
602 675 665 741 τοῦ
687 699 709 740 ο
731 671 783 740 καί
805 668 891 742 κατὰ
908 669 1119 754 πλεονασμόν
1135 677 1197 744 τοῦ

100 785 240 882 ιφθείρ.

143 898 199 970 Τά
217 905 262 978 εἷς
284 930 326 972 αν
347 904 508 995 λήγοντα,
527 903 557 971 εἷ
578 898 637 984 μὲν
653 896 831 994 όξήνονται,
855 897 897 970 τά
920 931 940 970 ιι
964 897 1195 998 φυλάττουσιν

96 1016 146 1086 ἐπὶ
163 1023 224 1098 τῆς
242 1023 376 1109 γενικῆς,
394 1011 463 1088 οἷον
480 1015 557 1113 φάρ
575 1013 696 1113 φωρὸς,
715 1017 748 1105 (ὁ
765 1015 936 1108 κλόπτης,)
957 1017 1040 1114 ι’χάρ
1065 1019 1219 1116 ι’χῶρος,5

100 1131 154 1223 (τά
180 1132 328 1215 σεσήπάς
352 1131 459 1226 αἷμα)
487 1128 532 1202 τά
558 1129 593 1201 θὲ
616 1131 797 1228 βαράκονα,
823 1134 853 1201 εί
874 1129 932 1214 μὲν
953 1133 1066 1228 ἔχουσι
1093 1131 1136 1205 τό
1161 1165 1193 1220 ι,

97 1245 308 1342 φυλάττουσι
333 1245 376 1318 τά
402 1277 423 1318 ιι
448 1247 480 1316 ἕν
505 1251 547 1340 πή
577 1251 696 1341 γενική,
724 1243 792 1317 οἷον
820 1247 925 1346 κόλωρ
946 1249 1094 1345 κόλωρος,
1121 1249 1194 1340 (σή-

96 1363 195 1444 μαίνει
223 1362 258 1456 δή
283 1360 344 1434 τόν
362 1360 428 1434 υἱὸν
445 1358 536 1458 παρά
551 1359 594 1433 τά
619 1361 830 1457 κελεόεσθαι,)
847 1363 958 1460 πέλωρ
984 1363 1140 1462 πόλωρος,
1159 1365 1192 1456 (ά

96 1476 207 1569 με’γος,
235 1475 275 1572 ἐξ
298 1473 339 1550 οά
359 1477 411 1548 καί
427 1476 470 1549 τὸ
490 1477 698 1574 πελάριος,ά
723 1476 827 1570 με’γος
856 1478 1000 1573 ὁμοίως)
1037 1482 1066 1550 εἰ
1090 1479 1124 1552 δὲ
1147 1483 1192 1565 μή

97 1593 194 1688 ἔχωσι
219 1592 265 1665 τά
292 1624 324 1676 κ,
349 1593 509 1690 τρέπουσι
534 1589 577 1663 τά
607 1621 628 1662 ο
659 1593 702 1669 είς
730 1591 772 1663 τά
804 1625 822 1664 ο
847 1593 879 1664 ἕν
900 1601 944 1688 τῇ
972 1603 1091 1689 γενική,
1122 1593 1192 1668 οἷον
1206 1627 1240 1666 ιο

98 1706 240 1806 Νέστωρ
272 1707 459 1805 Νέστορος,
477 1705 615 1803 Ἕκτωρ
635 1704 816 1803 Ἕκτορος,
844 1711 983 1808 οἰκήτωρ
1011 1713 1190 1810 οἰκήτορας,

96 1818 335 1918 παντοκράτωρ
360 1815 641 1916 παντοκράτορος,
656 1819 707 1890 καί
730 1817 775 1892 τά
798 1819 907 1903 ὅμοια.
949 1823 1013 1892 Δεῖ
1035 1827 1193 1918 προσθεῖ-

98 1966 153 2019 ναι,
169 1938 272 2034 χωρὶς
289 1939 320 2008 εί
332 1936 377 2020 μή
392 1933 477 2007 κατὰ
495 1935 663 2017 ποιητικήν
687 1933 836 2028 ἐξουσίαν
853 1933 1026 2034 φυλάξωσι
1048 1935 1091 2009 τά
1115 1967 1136 2008 ιι
1159 1939 1191 2009 ἐν

96 2058 135 2144 τή
160 2058 284 2146 γενική,
309 2051 379 2122 οἷον
400 2053 440 2130 ὡς
456 2050 511 2120 ε’πί
536 2055 599 2121 τοῦ
625 2053 774 2148 μήστωρ,
804 2057 908 2122 τοῦτο
934 2049 1001 2148 γάρ
1027 2051 1118 2149 παρά
1142 2062 1192 2145 τῷ

97 2166 227 2264 Ὁμήρῳ
253 2168 309 2238 ε’πὶ
333 2166 392 2248 μὲν
417 2171 479 2236 τοῦ
503 2166 610 2264 κυρίου
635 2165 749 2262 τρέπει
776 2164 820 2238 τὸ
847 2196 869 2236 ο
898 2169 942 2243 είς
967 2165 1010 2238 τό
1038 2200 1057 2239 ο
1088 2169 1120 2239 ἐν
1148 2175 1190 2263 τῇ
1204 2195 1237 2256 15

99 2289 212 2378 γενική,
230 2279 301 2354 οἷον
323 2287 378 2372 [ΙΙ.
395 2281 440 2352 ω’.
460 2286 549 2372 257.]

339 2420 465 2495 Μήστορά
478 2421 501 2478 τ’
514 2421 639 2479 άντίθεον.

101 2580 149 2652 ε’πί
174 2582 209 2654 θὲ
231 2589 297 2656 τοῦ
321 2583 473 2656 ἐπιθέτου
492 2584 542 2655 ἆεί
558 2582 650 2682 παρά
666 2591 714 2677 τῷ
737 2591 858 2680 ποιητῇ
876 2583 1043 2684 φυλάσσει
1060 2585 1103 2659 τά
1120 2615 1142 2658 α
1157 2589 1191 2660 ἐν

100 2701 139 2788 τή
166 2705 287 2794 γενικῇ,
318 2693 398 2784 οἷον,1
415 2711 436 2741 “
445 2703 621 2796 μήστωρας
650 2701 774 2784 αάτῆς,”
815 2714 835 2744 “
848 2706 1002 2798 μήστωρε
1031 2704 1189 2799 φόβοιο,”

101 2812 167 2885 άντί
183 2823 247 2888 τοῦ
263 2815 431 2912 ἐμπείρους
446 2816 498 2886 καί
515 2816 748 2899 ἐπιστήμονας.
787 2815 938 2886 Τοιαῦτα
956 2815 990 2886 δὲ
1006 2817 1191 2912 εὑρίσκομεν
1202 2849 1239 2889 ιο

101 2929 148 2999 καί
175 2929 268 3001 ἄλλα
298 2928 391 3028 παρά
419 2939 491 3006 τοῖς
517 2930 668 3026 άρχαίαις
701 2927 922 3028 φυλάττοντα
950 2926 994 3001 τό
1027 2960 1049 3000 ιι
1082 2931 1115 3002 ἐν
1147 2936 1190 3026 τῇ

102 3053 212 3140 γενική,
230 3043 301 3118 οίου
318 3047 462 3144 ήλέκτωρ
479 3045 669 3143 ήλόκτωρος,
685 3042 822 3144 ταλάωρ
839 3042 1020 3144 ταλάωρος·
1046 3047 1190 3144 ήλέκτωρ

101 3157 235 3259 μὲνγὰρ
252 3163 391 3256 λέγεται
408 3163 427 3232 ὁ
444 3160 544 3246 ήλιος,
561 3157 697 3258 ταλάωρ
715 3159 749 3232 δὲ
764 3159 877 3256 τόξον,
894 3159 1080 3260 προπάτωρ
1105 3192 1189 3259 προ-

101 3272 257 3376 τάτωρος,
282 3285 389 3349 ταῦτα
414 3276 449 3350 δὲ
469 3271 624 3359 ποιητικά
649 3279 722 3358 εἶσι,
746 3276 814 3347 ε’πεί
840 3279 921 3359 ήμᾶς
945 3275 997 3348 θιά
1019 3283 1082 3349 τοῦ
1103 3309 1123 3348 ο
1144 3277 1193 3348 θεῖ

102 3388 238 3488 γράφειν
255 3391 353 3464 αι’κτά.
1202 3423 1216 3463 2
1221 3421 1237 3482 5

146 3504 199 3577 Τὰ
220 3511 265 3584 εἰς
290 3537 311 3579 υ
333 3513 485 3601 λήγοντα
501 3508 582 3606 ὑπὲρ
597 3509 674 3592 μίαν
691 3508 864 3596 συλλαβήν
881 3506 900 3589 ή
918 3504 969 3576 &a
986 3513 1047 3576 τοῦ
1064 3535 1083 3575 α
1102 3503 1120 3588 ή
1138 3503 1190 3575 διὰ

102 3625 157 3688 τοῦ
173 3623 230 3705 ιιή
256 3620 309 3692 διὰ
328 3629 391 3693 τοῦ
411 3653 430 3693 ο
455 3626 632 3708 κλίνονται,
649 3621 1039 3720 οἳονἈραφἈραβος,
1057 3617 1190 3713 Χάλιήν

104 3728 264 3823 Χόλιβος,
289 3735 430 3830 λαίλαφ
455 3739 634 3823 λαίλαπος,
662 3742 695 3828 (ή
724 3738 902 3834 συστροφή
927 3741 992 3808 τῶν
1016 3733 1191 3830 κυμάτων,)

105 3844 213 3943 Κίνυφ
235 3851 396 3950 Κίνυφος,
420 3853 509 3948 (ἔστι
537 3853 572 3926 άέ
596 3851 749 3936 ποταμός
767 3849 920 3942 Λιβύην)
961 3849 1131 3935 Δυνάμεθα
1157 3850 1192 3922 δὲ

104 3959 204 4036 πάντα
230 3965 275 4038 τά
301 3969 344 4044 εἰς
370 3997 392 4038 υ
416 3973 568 4062 λήγοντα
595 3969 700 4039 κανόνι
727 3969 834 4060 τοάτῳ
862 3970 1052 4055 ὑποβαλεῖν,
1076 3969 1101 4058 ᾧ
1126 3999 1189 4040 τινι
1201 3993 1240 4050 30
1324 4006 1325 4009 ¹

106 4079 344 4169 καθυποβάλλει
379 4081 462 4155 αι’ντά
496 4086 514 4153 ὁ
543 4081 772 4180 γραμματικός
811 4079 958 4165 Ἰωάννης
995 4085 1013 4153 ὁ
1054 4080 1188 4180 Χάραξ·

106 4194 238 4266 καθόλου
254 4195 299 4267 τὰ
316 4199 359 4273 είς
376 4227 397 4267 ν
419 4203 571 4291 λήγοντα
594 4196 645 4268 διὰ
668 4203 731 4268 τοῦ
754 4226 777 4266 11
803 4196 980 4279 κλίνονται,
997 4197 1063 4268 εἴτε
1091 4227 1189 4280 μονο-

108 4305 264 4398 συλλαβα,
282 4311 349 4382 ε’ίτε
373 4311 454 4408 ὑπὲρ
475 4311 531 4384 θόο
554 4309 738 4400 συλλαβάς,
756 4311 822 4382 ε’ίτε
838 4315 943 4394 άπλᾶ,
961 4313 1027 4383 εἴτε
1050 4312 1189 4382 σύνθετα

109 4417 171 4504 θσι,
186 4427 270 4508 πλήν
285 4430 351 4498 τῶν
368 4428 534 4524 εἰρημένων
558 4427 591 4498 ἐν
610 4422 878 4514 μονοσυλλάβοις
902 4423 1083 4521 τεσσάρων,
1101 4425 1191 4514 λέγω
