2982 5022
278 341 321 420 ,ε
574 337 776 398 mmor
796 337 1091 398 κοινουοεκοτ
1406 299 1484 396 καί

281 509 416 602 γενικήν,
441 509 496 577 καί
525 508 581 576 οῦκ
609 508 654 581 είς
677 507 738 588 τῆν
763 535 804 575 οτ
829 503 1035 601 δίφθογγον.
1087 507 1317 589 Σεσημείιοται
1345 509 1392 582 τῦ

280 630 416 721 τλήρης,
433 623 489 693 ι’νκι
509 621 648 718 τληΐρης
665 623 702 704 ήν
721 624 774 692 καὶ
791 621 945 719 τλοίρης,
960 624 1014 694 καί
1031 622 1118 694 κατιὶ
1135 627 1310 716 συγκοτῆν
1326 634 1393 698 τοῦ

276 741 294 812 ἰ
312 741 331 824 ή
347 737 433 810 κατὰ
451 737 628 823 εἰτοβολῆν
643 743 706 806 τοῦ
721 768 741 806 o
758 737 811 806 καί
829 766 842 807 ι
859 737 1005 828 ἐγένετο.

330 855 462 925 Ἰστίον
477 853 532 923 ὅτι
549 847 660 921 ’κᾶντα
676 850 722 922 τὰ
742 856 786 928 εἰς
803 882 868 922 m
886 851 1078 940 θισῦλλαβα
1101 855 1165 924 εἶσί
1187 853 1241 925 καί
1265 858 1309 932 είς
1327 887 1393 928 ow

280 975 395 1068 ἔχουσι
412 971 473 1051 τῆν
489 969 624 1060 γενικήν,
641 969 682 1043 ὧς
696 967 741 1038 τῦ
757 973 885 1064 πλήρης
900 969 953 1038 καί
970 967 1015 1040 τῦ
1025 969 1137 1067 ΙἈρης
1152 971 1205 1040 καί
1222 969 1421 1070 τόἈρηςΞ

192 1103 236 1170 50
250 1087 415 1182 κἈρευς.
445 1083 560 1154 Τοῦτο
577 1081 611 1154 θέ
625 1081 803 1180 διαφόρους
819 1083 1007 1180 ε’τιδίχεται
1024 1087 1158 1168 κλίσεις,
1170 1087 1223 1156 καί
1241 1087 1391 1158 κλίνεται

281 1208 330 1294 τῷ
355 1202 451 1294 λόγῳ
475 1205 541 1272 τῦν
566 1201 724 1285 ίαμβικῦν
741 1199 853 1296 Ἀρης
866 1199 1033 1297 Ἀρητος,
1054 1201 1106 1271 καί
1128 1207 1179 1292 τῷ
1201 1203 1299 1294 λόγῳ
1322 1209 1393 1274 τῦιν

283 1313 734 1412 σκονθιακῦυἈρηςἈρου,
746 1316 798 1385 καὶ
814 1322 864 1406 τῷ
881 1317 977 1408 λόγῳ
989 1321 1057 1387 τῦν
1069 1316 1139 1388 ara
1150 1321 1301 1412 ῥήματος
1314 1349 1394 1388 συν·

284 1433 382 1506 θίτου
392 1431 618 1528 κυρίωνἈρης
626 1429 763 1524 Ἀρους·
776 1429 890 1528 ὅσπερ
901 1430 970 1528 γὰρ
980 1431 1074 1530 ταρὰ
1086 1431 1130 1504 τὸ
1141 1434 1249 1530 φαίνω
1259 1435 1390 1526 γίνεται

284 1545 537 1648 Ἀριστοφάνης
558 1544 837 1644 Ἀρισταφείνους,
854 1546 916 1619 τὸν
937 1547 1038 1619 αι’σόν
1061 1549 1193 1644 τρόπον
1214 1551 1268 1619 καί
1295 1549 1391 1646 ταρὰ
1406 1575 1444 1614 10

282 1665 326 1738 τὸ
338 1671 385 1764 ῥῦι
399 1664 442 1736 τὸ
459 1673 616 1747 σημαῖνον
627 1661 672 1734 τὸ
688 1665 779 1755 λέγω
796 1663 850 1757 (ἐξ
865 1665 903 1734 οῦ
916 1668 1011 1760 ῥῆσις
1026 1665 1079 1734 καί
1091 1668 1181 1760 ῥῆμα
1193 1666 1246 1735 καὶ
1260 1670 1391 1764 ῥήτωρ)

282 1783 336 1854 καί
353 1787 415 1854 τοῦ
428 1811 449 1852 Α
462 1786 524 1852 τοῦ
540 1785 736 1877 στερητικοῦ
751 1780 976 1876 ε’τιρρήματος
990 1781 1117 1872 γίνεται
1128 1779 1239 1878 ’Ἀρης
1248 1781 1392 1880 Ἀρους,

283 1900 303 1969 ὁ
328 1897 540 1994 ἐστερημένος
568 1901 630 1966 τοῦ
657 1896 778 1986 λε’γειν·
814 1897 847 1964 ἐν
873 1893 943 1992 γὰρ
967 1901 1018 1986 τῷ
1041 1898 1179 1986 πολέμῳ
1209 1898 1246 1966 οῦ
1275 1899 1393 1992 λόγων

284 2011 404 2112 καιρὸς,
421 2011 512 2083 ἀλλὰ
535 2008 693 2108 πράξεως.
744 2009 945 2108 Εὖρίσκεται
966 2011 1018 2080 καί
1033 2009 1166 2107 Ἀρεαις
1184 2016 1203 2094 ή
1224 2015 1334 2106 γενικῆ
1350 2017 1394 2092 ὡς

285 2129 354 2202 ιἰτό
366 2136 432 2202 τῶν
441 2133 485 2207 εἷς
498 2159 568 2210 m,
579 2125 923 2224 οἷονἈρευςἈρεως,
936 2125 988 2198 διὰ
1001 2133 1063 2198 τοῦ
1076 2157 1096 2198 ιι
1109 2129 1162 2200 καί
1177 2159 1198 2200 ο
1213 2127 1391 2208 Ἀττικῶς.
1406 2161 1417 2198 ι
1423 2157 1441 2216 5

336 2245 392 2318 Τίι
413 2250 456 2324 είς
474 2275 527 2328 ει,
544 2246 668 2342 ἔχοντα
694 2243 862 2342 οὐδέτερον
885 2246 928 2319 εἷς
954 2271 1005 2324 nx,
1031 2245 1075 2320 εἷς
1101 2273 1160 2314 οτι
1185 2245 1300 2341 ἔχουσι
1329 2248 1394 2331 τήν

286 2364 420 2456 γενικήν,
443 2359 512 2432 οίον
533 2363 553 2432 ὁ
577 2361 710 2447 εῦσεβῆς
732 2365 795 2431 τοῦ
817 2359 968 2446 εὐσεβοῦς
991 2356 1034 2430 τὸ
1057 2359 1197 2446 εὐσεβὲς,
1221 2362 1240 2430 ὁ
1262 2361 1393 2454 εῦγευής

286 2484 348 2550 τοῦ
364 2479 506 2570 εὖγενοῦς
522 2475 565 2548 τῦ
583 2475 715 2568 εῦγενές,
731 2477 750 2546 ὁ
769 2473 895 2557 ἆναιθῆς
912 2482 974 2547 τοῦ
989 2475 1136 2553 ιἰναιδοῦς
1151 2474 1195 2547 τῦ
1216 2476 1351 2560 εἰναιθὲς,
1371 2481 1392 2548 ὁ

287 2595 400 2690 σαφής
427 2597 489 2663 τοῦ
518 2597 648 2688 σαφοῦς
676 2589 718 2661 τὸ
748 2589 866 2688 σαφὲς,
897 2592 917 2660 ὁ
947 2589 1070 2682 ψευδής
1094 2598 1156 2662 τοῦ
1180 2589 1322 2684 ψευδοῦς
1346 2591 1393 2664 τὸ

288 2707 417 2802 ψευδὲς,
439 2707 458 2777 ὅ
481 2711 637 2790 κακοήθης
658 2711 720 2776 τοῦ
744 2711 918 2787 κακοήθους
940 2705 983 2776 τί)
1006 2707 1171 2792 κακόηθες,
1193 2709 1213 2776 ὁ
1237 2710 1393 2792 ε’τιμήκης
1404 2747 1444 2785 20

287 2832 349 2898 τοῦ
364 2826 534 2908 ε’τιμήκους
550 2822 592 2894 τὸ
610 2823 768 2906 ἐπίμηκες,
783 2824 801 2892 ὁ
819 2826 947 2919 τλήρης
959 2829 1022 2893 τοῦ
1038 2827 1183 2920 πλήρους
1195 2821 1239 2894 τὸ
1255 2832 1393 2920 πλῆρες,

287 2945 307 3013 ὁ
327 2945 516 3040 φιλαλήθης
538 2947 599 3011 τοῦ
621 2942 829 3036 φιλαλήθους
848 2936 891 3009 τὸ
918 2934 1150 3035 φιλᾶληθες,ὁ
1172 2943 1308 3022 συνήθης
1328 2948 1394 3011 τοῦ

288 3061 438 3138 συνήθους
454 3053 497 3127 τὸ
514 3056 654 3137 σύνηθες.

339 3167 500 3240 Καθόλου
516 3165 560 3239 τὰ
578 3171 620 3244 είς
638 3197 680 3238 uz
697 3170 928 3264 τεριστῶμενα
945 3177 1033 3263 τρεῖς
1049 3169 1173 3244 κλίσεις
1188 3165 1391 3264 ἐπιδέχεται,

287 3287 348 3370 τήν
364 3289 407 3362 εἰς
425 3314 491 3366 οτι,
509 3283 593 3354 ὅταν
609 3281 701 3380 ταρὰ
723 3283 766 3354 τὸ
790 3284 885 3360 κλέος
900 3280 989 3364 ιῦσιν,
1008 3283 1078 3354 οἷον
1092 3283 1266 3381 Ἡρακλῆς
1280 3283 1393 3380 Ἡρα·
1403 3323 1420 3362 2
1424 3323 1441 3380 5

287 3401 381 3478 κλίος
395 3399 596 3498 Ἠρακλοῦς,
613 3397 814 3496 Ἀνδροκλῆς
834 3397 1052 3496 Ἀνδροκλέος
1075 3397 1305 3496 Ἀνδροκλοῦς·
1331 3401 1393 3482 τήν

289 3516 341 3588 διὰ
367 3522 429 3588 τοῦ
456 3545 506 3596 ατ,
534 3516 616 3586 ὅταν
641 3513 709 3585 ἀπὸ
735 3515 944 3612 συναιρέσεως
968 3520 1034 3586 τῶν
1059 3518 1102 3592 εἰς
1129 3545 1182 3586 κη
1208 3515 1295 3596 ιῦσιν,
1323 3515 1394 3586 οἷον

289 3631 440 3730 δαφνήεις
461 3630 673 3728 θαφνήενκος,
694 3629 818 3726 δαφνῆς
842 3629 1037 3728 θαφνῆντος,
1059 3635 1183 3714 τιμήεις
1207 3635 1392 3715 τιμήεντος,

288 3755 384 3828 τιμῆς
408 3754 573 3828 τιμῆντος,
602 3749 790 3840 φθογγήεις
818 3750 1064 3842 φθογγήεντος,
1090 3751 1251 3843 φθογγῆς
1277 3751 1394 3844 φθογ-

290 3871 420 3958 γῆντος·
446 3859 490 3932 τὰ
511 3859 544 3932 δὲ
565 3859 663 3942 μηδὲν
679 3861 712 3929 ἐκ
728 3862 854 3931 τούτων
869 3863 1003 3958 ἔχοντα,
1022 3862 1179 3932 τουτέστι
1197 3865 1283 3946 μήτε
1298 3861 1392 3958 ταρὰ
1403 3897 1444 3952 30

289 3977 331 4048 τὸ
349 3977 442 4054 κλέος
459 3977 551 4062 ὄντα,
569 3981 653 4060 μήτε
673 3973 741 4045 ιἰτὸ
766 3978 975 4074 συναιρέσεως
991 3981 1056 4048 τῶν
1074 3979 1116 4053 είς
1134 4005 1199 4059 ειτ,
1217 3979 1260 4053 είς
1276 3977 1336 4059 τῆν
1353 4007 1394 4048 οτ

289 4093 482 4190 δίφθογγον
503 4094 617 4190 ἔχουσι
641 4093 701 4174 τήν
726 4094 861 4186 γενικήν,
879 4091 948 4163 οἷον
971 4093 1084 4174 θαλῆς
1106 4093 1231 4176 Θαλοῦ,
1250 4094 1338 4181 (ἔστι
1358 4091 1394 4163 δὲ

290 4209 392 4292 ὄνομα
425 4209 557 4306 κῦριον,)
590 4207 718 4305 Ἑρμῆς
748 4207 890 4307 Ἑρμοῦ,
920 4209 1038 4292 ὁμοίως
1067 4207 1206 4304 Ναρσῆς
1236 4207 1391 4305 Ναρσοῦ,

291 4324 407 4408 Σωσῆς
433 4326 559 4406 Σωσοῦ,
587 4325 757 4408 Ἀπελλῆς
783 4324 967 4407 Ἀπελλοῦ,
993 4323 1137 4408 Μιυΰσῆς
1159 4323 1316 4406 Μιοῦσοῦ,
1337 4311 1391 4396 καί

290 4439 334 4512 τὰ
356 4441 464 4524 ὅμοια.
1401 4473 1437 4531 35
