2958 5018
402 319 469 380 ΕΙΣ
491 319 547 380 ΤΟ
569 319 863 382 ΟΝΟΜΑΤΙΚΟΝ.
1117 338 1183 408 319

50 515 144 557 σαν.
196 483 406 586 Πρύσκειται
425 485 540 559 “κατῶ
557 485 763 572 διάστασιν,”
779 487 888 572 ἐπειδὴ
904 487 991 561 κατά
1008 491 1183 588 σύλληψιν

51 601 283 698 εύρέσκοισαι
308 604 406 700 ἔτερα
431 602 592 701 σύμφωνα
618 605 847 700 προηγούμενα
871 611 934 678 τοῦ
959 636 989 692 ιε,
1012 604 1082 679 οἷον
1104 609 1181 709 δρῶ,

52 717 181 812 κρέας,
200 717 308 814 Τρῶς,
334 724 448 816 γραῦς.
500 721 563 790 Δεῖ
586 724 789 819 προσθεῖναι,
814 721 914 818 χωρὶς
938 728 1004 796 τῶν
1029 723 1097 797 άπὸ
1122 736 1182 812 τῆς

25 831 157 929 »πρὸς
184 833 240 904 καὶ
266 838 308 911 εἰς
332 835 385 906 καὶ
411 833 450 929 ἐξ
472 835 667 934 προθέσεως,
693 835 745 906 καὶ
773 843 835 908 τοῦ
860 867 920 908 αττ
945 839 1179 937 έπιρρῆματος.

54 949 157 1020 Ἐπὶ
183 951 311 1022 τούτων
329 950 397 1048 γάρ
419 952 621 1049 εὑρίσκονται
644 954 742 1051 ἔτερα
768 954 927 1052 σύμφωνα
950 959 1207 1054 προηγούμενα5

54 1071 131 1135 τοῦ
160 1095 182 1136 1³
204 1065 292 1138 κατὰ
318 1065 503 1150 διάστασιν,
527 1067 597 1138 οἷον
622 1065 832 1166 πρύσριφον,
856 1070 993 1167 εἴσροια,
1015 1074 1179 1171 ἔκρυσθαι,

56 1181 244 1277 δύσριγος.
292 1182 432 1266 Ἐπειδὴ
449 1182 513 1270 ούν,
531 1185 571 1260 ῶς
588 1182 755 1266 δέδεικται,
771 1182 814 1256 τδ
833 1216 855 1256 ιι
872 1187 928 1256 οὖκ
947 1185 1083 1270 ἠδύνατο
1101 1189 1178 1264 εἶναι

57 1295 138 1396 πρὸ
165 1305 233 1372 ποῶ
261 1329 280 1371 ε
307 1301 383 1371 ούτε
407 1296 491 1372 κατὰ
518 1297 692 1392 σύλληψιν
718 1300 794 1372 οὔτε
818 1298 903 1372 κατά
930 1299 1115 1390 διάστασιν,
1141 1305 1182 1401 ἐξ

59 1410 218 1507 άνάγκης
251 1415 433 1486 ἐπλεόνασε
464 1412 508 1486 τά
537 1445 568 1498 Δ,
597 1413 649 1484 καῖ
684 1416 821 1508 γέγονεν
853 1415 968 1515 ἀνδρὸς
1000 1417 1085 1492 κατὰ
1118 1423 1179 1506 τὴν

62 1535 213 1624 γενικήν.
1190 1566 1226 1606 ιο

122 1659 144 1688 “
159 1629 222 1717 Τῶ
245 1654 393 1744 λουτῆρι,
409 1651 458 1736 τῷ
482 1645 599 1742 αἰθέρι,
618 1643 679 1717 τὸν
703 1653 863 1744 λουτῆρα,
880 1645 941 1719 τδν
960 1650 1086 1748 αἰθέρα.
1130 1652 1178 1723 Ὦ

64 1763 211 1859 λουτὴρ,
228 1762 377 1859 ῶαίθὴρ.
420 1761 478 1833 Τῶ
495 1769 646 1857 λουτῆρε,
663 1761 711 1832 τῶ
729 1762 847 1862 αι’θέρε.
891 1765 975 1836 Τοῖν
991 1772 1176 1866 λουτῆροιν,

66 1889 146 1951 τοῖν
160 1879 315 1977 αι’θέρσιν.
333 1878 380 1947 Ὠ
397 1886 547 1976 λουτῆρε,
560 1879 587 1949 ῶ
602 1878 722 1975 αι’θέρε.
751 1878 800 1948 Οἱ
814 1886 978 1978 λουτῆρες,
993 1885 1027 1954 οἱ
1042 1883 1177 1982 αι’θέρες,

67 2003 140 2068 τῶν
155 2000 333 2092 λουτήρων,
350 2000 416 2066 τῶν
433 1995 576 2092 αι’θέρων,
593 2003 664 2071 τοῖς
680 2003 853 2092 λουτῆρσι,
869 2008 941 2075 τοῖς
958 1999 1132 2098 αι’θέρσιν.”

124 2109 272 2209 Εἴρηται
298 2111 351 2182 ὅτι
377 2114 472 2182 πᾶσα
498 2110 610 2194 δοτικὴ
633 2112 747 2194 ένικῶν,
766 2114 808 2187 εἷς
826 2141 837 2182 ι
858 2113 1097 2210 ε’κφωνούμενον
1117 2121 1223 2204 λεί-15

72 2259 195 2321 γουσα,
213 2225 280 2323 πρὸ
304 2233 366 2297 τοῦ
392 2255 403 2297 1
426 2224 645 2315 λαμβάνουσα
668 2224 711 2298 τῶ
736 2255 764 2309 z,
781 2227 834 2297 καὶ
857 2225 1107 2315 άτοβάλλουσα
1128 2229 1174 2302 τά

71 2346 117 2428 μη
137 2341 289 2428 δυνάμενα
307 2342 365 2414 σὺν
381 2343 467 2434 αύτῷ
485 2343 678 2426 ἀκουσθῆναι
704 2353 869 2439 στοιχεῖα,
887 2345 947 2427 την
965 2343 1094 2429 δοτικὴν
1110 2353 1175 2418 τῶν

73 2464 297 2543 πληθυντικῶν
321 2469 418 2542 ποιεῖ,
445 2457 514 2530 οἷον
544 2460 626 2556 ὄφεϊ
648 2458 761 2554 ὄφεσι,
784 2456 905 2541 μάντείΙ
929 2456 1080 2548 μάντεσι,
1107 2465 1175 2547 Δη-

74 2576 231 2658 μοσθένει·
244 2574 480 2658 Δημοσθένεσι,
495 2571 618 2670 Πάριδι
639 2569 779 2669 Πάρισι,
798 2571 958 2646 Πλάτωνι
977 2575 1173 2662 Πλάτωσιν,

69 2689 213 2786 Ἕκτορι
235 2687 437 2785 Ἕκτορσιν·
468 2686 568 2764 οὕτως
595 2685 649 2758 ούν
675 2688 727 2757 καὶ
754 2695 891 2785 λουτῆρι
921 2698 1093 2789 λοντῆρσι,
1119 2694 1172 2765 καὶ
1181 2725 1221 2766 ιο

76 2799 336 2901 αἰθέριαῖθέρσι.
388 2802 505 2874 Ταῦτα
521 2801 579 2885 μὲν
595 2803 627 2872 έν
643 2803 785 2879 τούτοις.

125 2919 253 2991 Ἰστέον
272 2919 326 2990 ὅτι
346 2915 401 2989 ε’άν
417 2919 529 3015 εὑρεθῇ
550 2919 664 3015 ἕτερον
680 2918 865 3014 σύμφωνον,
884 2917 1121 3007 ἆποβάλλεται
1138 2923 1172 2994 έν

77 3043 119 3131 τῇ
141 3035 249 3129 δοτικῇ
271 3040 337 3107 τῶν
358 3038 589 3117 πληθυντικῶν,
613 3029 683 3104 οἷον
707 3029 830 3130 Πάριδι
850 3033 992 3131 Πάρισι,
1011 3033 1170 3108 Πλάτωνι

80 3149 256 3236 Πλάτωσι,
280 3150 391 3222 λέοντι
416 3151 538 3220 λέουσι·
568 3149 667 3247 χωρὶς
692 3151 721 3220 εἰ
743 3149 787 3232 μὴ
813 3152 921 3246 εὑρεθῇ
946 3149 988 3223 τδ
1013 3183 1042 3234 ε,
1065 3159 1170 3226 τούτο

80 3269 145 3365 γὰρ
162 3265 370 3365 φυλάττεται
389 3267 476 3359 έντῇ
490 3263 602 3359 δοτικῇ
618 3269 683 3335 τῶν
698 3268 929 3347 πληθυντικῶν,
943 3263 1013 3338 οἷον
1023 3266 1169 3368 Ἕκτορι
1180 3302 1215 3363 ²5

73 3384 246 3480 Ἕκτορσι,
268 3382 421 3478 Νέστορι
444 3379 671 3477 Νέστορσι,ἢ
696 3382 738 3456 εἷς
763 3377 817 3450 δύο
843 3382 1002 3477 σύμφωνα
1027 3387 1124 3476 λῆγει
1150 3389 1169 3466 ἦ

81 3503 186 3584 εύθεῑα,
206 3500 288 3571 τότε
310 3496 379 3596 γάρ
402 3493 635 3595 φυλάττονται
660 3491 704 3566 τά
729 3493 783 3566 δύο
809 3497 967 3593 σύμφωνα
993 3498 1044 3568 καὶ
1071 3501 1103 3569 ἐν
1125 3506 1169 3594 τῇ

83 3615 186 3708 δοτικῇ
209 3619 274 3686 τῶν
298 3616 531 3696 πληθυντικῶν,
556 3609 664 3692 ἐπειδὴ
691 3611 745 3680 ε’πὶ
774 3611 899 3682 τούτων
925 3615 942 3693 ἦ
969 3611 1080 3696 δοτικῆ
1104 3620 1178 3686 τῶν

83 3734 293 3812 πληθυντικῶν
309 3729 343 3797 ἐκ
359 3735 417 3810 τῆς
434 3726 552 3802 εὐθείας
568 3721 768 3823 κανονῖζεται
785 3725 966 3820 προσθέσει
983 3733 1045 3797 τοῦ
1062 3759 1084 3810 ι,
1101 3725 1170 3802 οἶον

83 3845 140 3922 ἃλς
154 3845 242 3929 άλσὶ,
261 3844 377 3940 Τι’ρυνς
394 3843 560 3939 Τέρυνσιν,
577 3843 686 3923 έλμινς
702 3842 844 3924 έλμινσι,
864 3838 990 3938 μάκαρι
1011 3839 1168 3941 μάκαρσι.
1179 3875 1216 3932 30
1249 3851 1251 3856 ’

86 3961 148 4030 Καὶ
174 3959 263 4053 ἄξιον
291 3959 365 4030 ἐστὶ
395 3957 536 4056 ζητῆσαι
567 3955 618 4028 διὰ
648 3957 746 4026 ποίαν
773 3955 891 4037 αἰτίαν,
918 3957 947 4026 εἶ
972 3955 1031 4038 μὲν
1061 3960 1168 4056 εὑρεθῇ

86 4080 185 4174 ἕτερον
200 4077 383 4174 σύμφωνον,
399 4071 591 4162 ἀποβάλλει
609 4070 690 4144 αὐτὸ
708 4073 739 4142 έν
756 4077 798 4165 τῇ
817 4070 929 4165 δοτικῇ
946 4077 1011 4143 τῶν
1028 4079 1170 4156 πληθυν-

87 4197 180 4280 τικῶν,
195 4188 262 4262 οἷον
276 4188 400 4288 Πάριδι
419 4187 562 4286 Πάρισι,
576 4184 736 4260 Πλάτωνι
757 4185 951 4270 Πλάτωσιν,
965 4191 994 4257 εἰ
1010 4186 1043 4257 δὲ
1060 4191 1171 4285 εὑρεθῇ

88 4306 125 4378 τὸ
141 4336 167 4390 ε,
181 4303 344 4403 φυλάττει
362 4303 444 4375 αι’ντδ
460 4304 513 4374 καὶ
530 4305 562 4374 ἕν
578 4309 621 4394 τῇ
640 4301 752 4396 δοτικῇ
768 4309 833 4374 τῶν
849 4306 1083 4387 πληθυντικῶν,
1101 4302 1171 4380 οἷον,

84 4419 209 4517 Ἕκτορι
220 4418 401 4516 Ἕκτορσι,
420 4419 572 4515 Νέστορι
590 4418 778 4514 Νέστορσι.
819 4416 950 4488 Ἔστιν
974 4413 1028 4488 οθν
1046 4418 1168 4500 ταύτην
1176 4454 1214 4512 35
