2966 5014
9 339 60 416 ,ς
423 349 489 410 ειν
511 349 568 410 το
589 347 882 412 οεοιιιιιτιιιοιι,
1146 362 1207 430 ¹73
1257 329 1260 336 Δ

83 514 146 590 τὸ
175 515 269 600 θέλω,
291 547 344 592 και
369 525 432 590 τού
456 525 493 601 ν’ἲη
517 523 714 614 στερητικοῦ
737 517 1030 615 έπιρρέματος,
996 515 1093 588 οιονεί
1116 517 1138 588 ὀ
1161 547 1207 604 μη

86 633 218 717 θέλων,
235 633 348 704 ὀλλ”
331 664 481 717 ακομπης
496 665 549 704 και
538 633 721 732 σκληρός.
766 632 920 731 Ἔχομεν
937 631 973 704 δε
992 663 1055 706 του
1039 633 1183 704 Α’λιῗι
1146 664 1208 717 την

88 755 226 845 χρῆσιν
242 779 334 846 παρα
320 744 585 844 Μθωκρίτφ,
550 777 631 832 οιον,
655 750 702 840 [1,
723 748 789 840 η]

346 875 404 944 λῆς,
418 873 525 930 ποτὶ
493 895 541 930 ταν
554 875 669 945 νυμφᾶν,
683 875 743 943 λῆς,
756 873 859 939 αι’πόλε,

44 1001 51 1008 “
86 978 178 1050 εἰν-τί
202 984 266 1050 τού
290 979 404 1056 θέλεις.
455 975 509 1050 Τό
533 976 566 1048 δέ
588 976 783 1074 ἀδελφιδέος
805 975 1003 1075 ὀδελφιδούς
1024 979 1077 1050 καί
1104 983 1206 1073 Om-
1213 1009 1230 1069 5

88 1091 233 1189 τριδέος
250 1092 474 1191 θυγατριδοῦς,
490 1095 607 1188 κρᾶσιν
622 1091 680 1176 μέν
697 1090 849 1186 ἐδέξαντο
866 1094 1002 1190 βαρείας
1018 1095 1070 1167 καί
1089 1093 1204 1190 ὀξείας,

87 1209 181 1280 ἁλλ’
210 1209 265 1280 ούκ
287 1211 331 1286 είς
352 1207 460 1303 ὀξεῖαν
485 1208 562 1280 ἀλλ’
588 1211 631 1286 εἰς
653 1208 911 1306 περισπωμένην·
945 1208 987 1280 τό
1015 1207 1083 1308 γὰρ
1109 1209 1206 1284 ὀδελ-

88 1321 221 1422 φιδοῦς
236 1325 288 1396 καί
307 1323 522 1422 θυγατριδοῦς
538 1327 756 1421 περιστᾶται.
792 1322 847 1396 Τό
864 1323 962 1422 ἱερεύς
979 1324 1070 1422 ἱρεὺς,
1088 1330 1206 1425 κρᾶσιν

90 1436 338 1534 εἰναδεξείμενον
362 1445 424 1512 τοῦ
447 1471 459 1512 ι
483 1439 535 1510 καί
560 1470 579 1510 ιε
603 1441 646 1518 είς
669 1470 680 1512 ι
706 1437 832 1538 μακρόν
854 1442 906 1512 καί
931 1439 1132 1536 ὀξυνύμενον,
1150 1445 1206 1516 ούκ

89 1556 281 1630 ἀντίκειται
300 1560 381 1640 ἡμῖν,
399 1555 506 1640 ἐπειδὴ
524 1557 579 1628 ούκ
595 1556 728 1649 ἐγένετο
744 1556 777 1626 έν
793 1562 835 1652 τῇ
854 1559 1028 1649 τελευταίᾳ
1046 1560 1204 1654 συλλαβῇ
1219 1599 1253 1639 10

90 1676 113 1754 »5
134 1676 255 1770 κρᾶσις
276 1673 355 1746 ἀλλ’
372 1675 405 1744 έν
428 1679 470 1767 τῇ
498 1672 658 1770 ὀρχούση.
701 1671 838 1744 Τούτων
862 1670 963 1750 οὕτως
987 1673 1143 1772 ε’χόντων,
1159 1673 1205 1748 τό

91 1789 241 1860 ἐπίθετα
263 1787 309 1860 τὰ
334 1787 426 1888 παρὰ
449 1787 492 1861 τό
512 1789 606 1866 κλέος
623 1788 763 1862 σύνθετα
781 1786 836 1859 ε’ὀυ
852 1785 1060 1882 ε’τιδέξωνται
1077 1793 1205 1887 κρᾶσιν,

91 1905 219 1987 μέλλει
237 1909 256 1988 »5
272 1908 392 2002 βαρεῖα
412 1907 464 1978 καί
486 1909 504 1988 »5
521 1903 611 1999 ὀξεῖα
633 1906 676 1982 είς
693 1903 800 1999 ὀξεῖαν
817 1903 1046 2002 συνέρχεσθαι,
1062 1903 1205 2003 κράσεως

93 2022 213 2105 οὔσης,
229 2021 313 2118 ὅπερ
329 2021 420 2094 ε’στίν
436 2019 577 2093 ἄτοπον.
629 2017 751 2093 Πιίντα
769 2017 838 2120 γὰρ
858 2019 903 2092 τὰ
928 2019 1020 2120 παρὰ
1044 2018 1087 2094 τό
1110 2021 1205 2102 κλέος

95 2138 244 2210 σύνθετα
267 2139 405 2210 ἐπίθετα
423 2135 601 2232 ὀξύνονται,
619 2135 688 2208 οἷον
706 2136 831 2219 ὀκλείις,
849 2134 1012 2220 δυσκλεὴς,
1029 2137 1203 2230 ὀγακλεῆς.
1217 2179 1252 2241 ¹5

92 2251 152 2322 Ἡ
179 2251 213 2323 δὲ
237 2255 356 2350 βαρεῖα
383 2255 435 2326 καί
462 2252 551 2348 ὀξεῖα
577 2255 620 2330 είς
645 2251 752 2347 ὀξεῖαν
777 2252 1003 2350 συνέρχονται,
1030 2251 1099 2325 οίον
1124 2250 1205 2352 ζωός

98 2365 178 2467 ζιός,
212 2369 337 2448 έσταιές
368 2370 481 2453 ἔστιδς,
517 2369 661 2452 Κισσηις
696 2369 838 2453 Κισσης,
873 2369 1036 2468 Βρισσηῒς
1066 2370 1204 2516 Βρισιὶς.

101 2485 315 2584 Πρόσκειται
329 2488 539 2587 ὀνωτέρω“’
523 2489 575 2560 ιη’
585 2483 811 2570 ὀνομότων,ὀ
773 2485 862 2560 ὀἷον
876 2499 897 2529 “
907 2486 1115 2560 ούόέτοτε’
1077 2515 1204 2582 γινεται

98 2606 220 2700 κρᾶσις
235 2603 284 2674 ἐπ’
303 2600 473 2688 ὀνομάτων
489 2603 624 2701 βαρείας
646 2635 698 2674 και
689 2599 882 2697 ὀξείας’
853 2634 896 2680 εις
917 2601 1023 2698 ὀξεῖαν
1048 2635 1206 2702 συνερχο-

97 2719 232 2801 μένων.”
260 2717 360 2790 Ἀλλ’
371 2721 427 2790 ούκ
444 2721 525 2792 εἰσίν
542 2720 690 2804 ὀνόματα
708 2717 799 2790 ἀλλὰ
816 2720 971 2816 μετοχαί.
1003 2720 1134 2793 Τούτου
1151 2718 1205 2794 ούυ
1215 2765 1254 2806 20

99 2831 203 2932 χάριν
224 2831 269 2906 τό
295 2833 387 2932 ταρὰ
412 2834 455 2908 τό
477 2837 573 2914 κλέος
594 2837 734 2908 σύνθετα
756 2835 894 2906 ἐπίθετα
919 2835 956 2904 ού
979 2843 1204 2933 συναιροῦντας

99 2948 190 3022 κατὰ
207 2951 267 3034 τὴν
289 2953 419 3035 εύθεῐαν,
438 2955 501 3035 ίυα,
519 2954 559 3030 ὡς
580 2951 717 3050 είρηται,
733 2949 777 3033 μὴ
795 2950 906 3046 εὑρεθῇ
920 2951 1036 3047 κρᾶσις
1051 2951 1207 3044 γινομένη

99 3067 154 3138 ἐπ’
173 3065 342 3150 ὀνομάτων
361 3069 496 3167 βαρείας
512 3068 565 3140 καί
582 3067 688 3162 ὀξείας
707 3069 750 3144 είς
767 3063 874 3160 ὀξεῖαν
891 3068 1140 3164 συνερχομένων,
1157 3067 1205 3142 τὰ

100 3179 175 3280 γὰρ
195 3181 287 3279 παρὰ
312 3181 355 3256 τό
378 3185 471 3262 κλέος
494 3185 633 3256 σύνθετα
658 3184 749 3280 κύρια
773 3180 825 3254 διὰ
850 3188 954 3254 τοῦτο
978 3191 1203 3282 συναιροῦιται

100 3295 190 3370 κατὰ
223 3299 283 3382 την
316 3301 447 3384 εύθεῖαν,
476 3299 584 3382 ἐπειδὴ
614 3301 646 3370 έν
675 3305 718 3394 τῇ
748 3300 872 3372 έννελεῖ
898 3299 1107 3396 βαρύνονται,
1135 3300 1253 3399 οἶονης

99 3414 289 3512 Ἠρακλέης
319 3415 516 3513 Σοφοκλέης
546 3414 736 3512 Περικλέης,
765 3415 818 3484 καί
853 3415 1083 3510 συναιρούμενα
1113 3445 1205 3510 περι-

101 3535 264 3613 σπῶνται,
279 3529 357 3614 οἷον,
372 3532 546 3630 Ἠρακλῆς
563 3533 743 3629 Σοφοκλῆς
761 3529 936 3626 Περικλῆς.
964 3527 1014 3596 'H
1032 3526 1102 3626 γὰρ
1115 3525 1205 3621 ὀξεῖα

101 3645 157 3718 καί
182 3650 200 3728 »5
225 3648 343 3744 βαρεῖα
366 3650 409 3725 είς
431 3649 676 3744 παρισταμένην
693 3647 919 3743 συνέρχονται,
937 3643 1006 3714 οἷον
1023 3640 1100 3721 τᾶίς
1116 3654 1207 3732 τοῖς,

104 3762 221 3846 Πηλέί
236 3761 353 3847 Πηλεῖ,
367 3762 502 3851 εόσεβέᾶ
519 3765 647 3852 εύσεβῆ.
681 3762 751 3832 Καὶ
768 3757 889 3832 λοιτδν
902 3761 1006 3832 ούκέτι
1024 3761 1204 3858 εὑρίσκεται

104 3880 250 3977 (κρᾶσις)
269 3879 423 3972 γενομένη
436 3881 488 3950 ἐπ’
505 3877 673 3964 ὀνομάτων
690 3878 825 3975 βαρείας
837 3878 890 3948 καί
908 3875 1013 3971 ὀξείας
1029 3880 1072 3955 είς
1088 3875 1205 3972 ὀξεῖαν,
1213 3915 1256 3972 30

19 4020 68 4088 104
80 3994 196 4072 εόλλό
213 3997 401 4068 τούναντίον
418 3993 523 4090 ὀξείας
540 3997 591 4066 καί
610 3995 746 4091 βαρείας
763 3996 805 4072 είς
822 3993 1078 4090 περισπωμένην.
1109 3992 1206 4077 Αύτη

103 4111 163 4196 μέν
180 4109 233 4182 οὗν
249 4113 323 4182 ε’στι
342 4115 360 4194 »5
377 4110 445 4184 ἆπό
463 4112 562 4184 τόνου
577 4111 761 4204 ὀτολογία·
789 4113 807 4192 »5
827 4108 861 4182 δέ
878 4106 946 4181 ιἰτό
963 4111 1098 4188 κλίσεως
1114 4111 1207 4181 ἔστιν

104 4225 197 4310 αύκη·
231 4223 276 4298 τό
300 4227 436 4300 ἐπίθετα
462 4225 554 4326 παρὰ
579 4225 622 4299 τὸ
648 4226 742 4304 κλέος
774 4226 926 4310 σύνθετο,
954 4228 983 4298 εί
1011 4230 1207 4322 συνηροῦυτο

105 4339 193 4416 κατὰ
210 4343 270 4424 τίην
287 4342 417 4425 εόθεῑαν,
435 4348 580 4426 ἤμελλον
595 4339 777 4436 ὀξύνεσθαι,
790 4340 898 4425 ε’τειδίη
913 4341 965 4412 καί
983 4341 1015 4410 έν
1028 4344 1070 4434 τῇ
1084 4340 1210 4414 ε’ντελεΐ

108 4459 286 4553 ὀξύνονται,
303 4455 372 4532 οἷον
391 4459 516 4544 ὀκλεης,
534 4457 695 4542 δυσκλεές,
712 4457 885 4552 ἆγακλεῆς·
913 4461 931 4538 »5
956 4453 989 4528 δέ
1010 4457 1132 4552 βαρεῖα
1154 4455 1206 4526 καί
1216 4490 1232 4547 3
1236 4488 1254 4548 5
