2958 5018
397 313 463 376 ΕΙΣ
485 315 541 376 ΤΟ
563 315 854 377 ΟΝΟΜΑΤΙΚΟΝ.
1121 324 1183 394 327

20 515 35 557 ν
124 481 281 582 Εἴρηται
307 484 361 556 ὅτι
387 487 481 555 τᾶσα
507 485 615 578 γενική
637 485 914 572 ῖσοσνλλαβούσα
936 488 979 576 τῇ
1006 482 1108 574 εύθείᾳ
1125 483 1185 565 τήν

59 597 215 682 δοτικήν
230 601 298 695 ἔχει
316 602 358 676 εῖς
376 630 388 671 1
406 600 631 698 ἆνεκφιύνητον
646 603 816 692 λήγουσαν
828 595 914 682 μετὰ
927 603 989 669 τοῦ
1001 602 1184 695 φωνήεντος

57 721 133 796 τῆς
166 715 290 792 εύθείας
324 715 342 799 ή
374 713 522 817 μείζονος
557 717 783 812 ιἰντιστοίχου,
814 711 883 785 οῖον
912 716 931 784 ὁ
958 714 1096 809 κοχλίας
1122 719 1185 784 τοῦ

60 831 223 927 κοχλίου
245 837 294 920 τῷ
317 832 450 928 κοχλίᾳ,
476 834 495 902 ὁ
523 831 658 930 Χρύσης
686 837 748 903 τοῦ
775 829 914 928 Χρύσου
938 836 986 920 τῷ
1012 827 1183 926 Χρύσᾳ,ὁ

61 944 196 1044 σοφδς
227 953 290 1019 τοῦ
322 953 436 1046 σοφοῦ
468 950 518 1039 τῷ
552 950 662 1044 σοφῷ,
693 943 745 1018 διὰ
778 945 926 1046 μείζονος
954 945 1208 1040 ἆντιστοίχου.5

64 1059 201 1138 Οῖίτως
218 1059 271 1133 ούν
287 1063 340 1134 καῖ
357 1066 375 1146 ή
392 1069 501 1146 μοῦσα
518 1072 576 1146 τῆς
592 1064 714 1148 μούσης
729 1069 772 1158 τῇ
789 1065 905 1158 μούσῃ,
923 1061 975 1133 καῖ
993 1066 1010 1145 ή
1027 1071 1108 1144 μαῖα
1125 1069 1183 1144 τής

64 1175 179 1259 μαίας
196 1182 240 1270 τῇ
255 1177 346 1268 μαίᾳ,
363 1177 416 1248 καῖ
434 1181 452 1259 ή
469 1183 602 1276 σφαῖρα
619 1185 679 1260 τῆς
696 1177 844 1277 σφαίρας
860 1184 904 1272 τῇ
922 1178 1065 1276 σφαίρᾳ.

127 1298 155 1332 “
175 1291 248 1375 Τήν
262 1298 401 1377 μοῦσαν,
418 1293 479 1376 τήν
495 1303 603 1377 μαῖαν,
620 1293 680 1376 τήν
697 1297 877 1392 σφαῖραν.”

127 1405 264 1479 Ἰστέον
289 1407 343 1479 ὅτι
372 1411 468 1479 πᾶσα
499 1410 601 1480 εύθεῖα
631 1410 735 1480 ἑνικῶν
761 1409 885 1507 ἔχουσα
915 1409 975 1492 τήν
1002 1408 1183 1492 αἰτιατικὴν

71 1523 316 1611 ἰσοσύλλαβον
337 1521 423 1607 μετὰ
448 1529 514 1596 τῶν
534 1526 637 1596 αύτῶν
662 1526 851 1623 φωνηέντων
876 1527 919 1603 είς
946 1553 967 1596 ιι
993 1526 1091 1608 αύτήν
1114 1526 1181 1621 ἔχει
1195 1551 1231 1592 10

71 1643 264 1731 λήγουσαν,
294 1635 364 1710 οῖον
393 1643 484 1736 ἰχθῦς
510 1643 612 1736 ἰχθύν,
643 1639 743 1718 καλδς
769 1637 880 1724 καλὸν,
906 1639 1017 1734 ἅμαξα
1042 1637 1182 1734 ἅμαξαν,

72 1753 190 1825 ἅελλα
218 1752 351 1837 ἄελλαν,
371 1751 524 1855 τράπεζα
550 1753 730 1856 τράπεζαν,
756 1757 836 1840 τιμή
861 1757 968 1839 τιμήν,
990 1755 1183 1854 Ἀφροδίτη

74 1869 303 1968 Ἀφροδίτην,
320 1872 404 1955 καλή
420 1871 531 1955 καλήν,
549 1872 644 1969 σοφή
661 1876 782 1969 σοφήν·
810 1870 910 1950 ούτως
936 1869 988 1942 ούν
1004 1872 1056 1941 καῖ
1073 1877 1182 1955 μοῦσα

76 1993 220 2071 μοῦσαν,
237 1986 289 2058 καῖ
315 1997 396 2070 μαῖα
421 1997 529 2071 μαῖαν,
546 1988 598 2058 καῖ
621 1991 754 2085 σφαῖρα
771 1992 931 2086 σφαῖραν.
983 1985 1131 2059 Δυνατδν
1149 1985 1184 2058 δὲ

77 2102 134 2172 καῖ
162 2098 262 2178 ούτως
288 2103 398 2187 εῖτ-εῖν,
420 2101 474 2173 ὅτι
501 2099 545 2172 τὰ
573 2104 615 2179 είς
646 2131 665 2172 ιι
691 2101 743 2172 καῖ
769 2104 812 2179 είς
833 2129 855 2172 n
882 2105 1033 2193 λήγοντα
1061 2098 1181 2185 θηλυκὰ
1196 2124 1228 2184 15

79 2217 265 2312 προσθέσει
282 2224 345 2288 τοῦ
361 2247 382 2288 ιι
401 2223 533 2288 ποιοῦσι
550 2217 609 2300 τήν
626 2217 819 2303 αι’τιατικήν,
832 2213 901 2288 οῖον
913 2213 1025 2310 ἅμαξα
1042 2213 1182 2310 ἅμαξαν,

78 2333 213 2418 ἅμιλλα
229 2333 387 2420 ἅμιλλαν,
405 2332 511 2405 ἄελλα
529 2332 664 2418 ἅελλαν,
681 2340 790 2416 μοῦσα
812 2338 950 2417 μοῦσαν,
967 2341 1049 2416 μαῖα
1072 2341 1181 2415 μαῖαν,

81 2455 216 2547 σφαῖρα
246 2453 406 2548 σφαῖραν,
432 2448 625 2548 Ἀφροδίτη
640 2448 861 2547 Ἀφροδίτην,
883 2449 1005 2532 μελέτη
1030 2448 1182 2537 μελέτην,

81 2566 164 2648 τιμή
180 2565 287 2650 τιμήν,
305 2565 399 2662 σοφή
416 2567 541 2662 σοφήν.

137 2679 214 2749 “Ὠ
230 2687 349 2765 μοῦσα,
367 2680 538 2767 ιδμαῖα,ιδ
553 2683 717 2779 σφαῖρα.”
1194 2721 1230 2762 20

134 2796 262 2870 Ἰστέον
288 2797 342 2869 ὅτι
368 2795 413 2869 τὰ
439 2801 481 2875 εἰς
509 2828 529 2869 ι
559 2797 578 2880 ή
604 2799 657 2868 καῖ
688 2799 731 2874 εἷς
756 2825 779 2867 ιι
803 2797 955 2888 λήγοντα
982 2792 1101 2876 θηλυκὰ
1122 2794 1182 2876 τήν

83 2913 182 2996 αύτήν
197 2914 328 3010 ἔχουσιν
345 2914 444 3010 ὀρθήν
459 2913 512 2983 καῖ
529 2915 692 2998 κλητικήν,
710 2912 779 2983 οἷον
795 2919 903 2996 μοιῖσα
920 2911 945 2983 ιθ
964 2917 1084 2995 μοῦσα,
1100 2918 1181 2993 μαῖα

85 3030 216 3114 ιδμαῖα,
233 3025 344 3123 ἅμαξα
369 3031 398 3100 οῖ
419 3027 541 3123 ἅμαξα,
558 3027 711 3129 τράπεζα
728 3027 754 3099 ιδ
775 3025 940 3128 τράπεζα,
953 3027 1034 3111 τιμή
1051 3027 1076 3097 ιδ
1091 3027 1181 3109 τιμή,

87 3142 275 3242 Ἀφροδίτη
292 3144 319 3215 ιδ
334 3142 536 3244 Ἀφροδίτη,
554 3146 637 3229 καλή
654 3146 789 3228 αῖκαλή.
893 3211 895 3215 ,

138 3258 218 3330 ιμῙικ
294 3259 303 3286 ι
405 3258 415 3284 ς
489 3261 497 3288 ι
577 3259 586 3284 ς
691 3261 699 3290 η
752 3262 770 3290 η,

202 3293 222 3331 α
239 3291 359 3344 μουσα,
374 3291 419 3332 τα
437 3291 529 3344 μαια,
545 3293 591 3333 τα
609 3267 751 3358 σφαιρα.
1194 3283 1229 3344 25

138 3373 278 3474 Εἴρηται
296 3375 350 3447 ὅτι
371 3379 466 3447 πᾶσα
490 3375 603 3459 δοτική
627 3378 731 3447 ἑνικῶν
748 3379 790 3452 εἷς
808 3404 831 3445 ιι
848 3378 1011 3467 λήγουσα,
1029 3372 1181 3456 δηλονότι

89 3488 171 3576 μετὰ
194 3497 254 3562 τοῦ
277 3491 602 3589 προσγεγραμμένου
620 3523 641 3574 ι,
659 3495 771 3588 τροπῇ
788 3497 850 3562 τοῦ
867 3519 889 3559 n
908 3491 950 3566 είς
975 3519 994 3559 κ
1011 3498 1101 3559 ποιεῖ
1122 3489 1183 3570 τήν

89 3609 203 3680 εύθεῖαν
219 3614 283 3679 τῶν
301 3607 418 3690 δυῖκῶν,
430 3605 500 3679 οῖον
515 3613 563 3699 τῷ
582 3607 701 3705 Χρύση
718 3607 765 3681 τιδ
784 3607 916 3704 Χρύσα,
933 3611 977 3700 τῇ
998 3603 1120 3699 Ἑλένη
1136 3602 1182 3676 τὰ

88 3722 215 3804 Ἑλένα,
230 3729 273 3817 τῇ
296 3723 377 3814 μαίᾳ
398 3721 443 3794 τὰ
459 3722 552 3806 μαία,
569 3729 613 3817 τῇ
631 3723 762 3820 σφαίρᾳ
786 3720 831 3794 τὰ
857 3721 1065 3818 σφαῖρα,τῷ
1084 3725 1185 3818 σοφῷ

91 3837 136 3908 τιδ
151 3838 257 3934 σοφιδ,
274 3845 321 3928 τῷ
346 3843 436 3928 καλῷ
463 3838 510 3909 τιδ
536 3838 636 3921 καλοδ,
659 3844 708 3928 τῷ
733 3839 826 3936 φίλῳ
855 3838 903 3908 τιδ
930 3838 1033 3935 φίλω,
1056 3837 1135 3908 ἄλλ’
1152 3838 1233 3923 ένηο

92 3963 157 4031 τοῖς
172 3951 283 4029 δυϊκοῖς
300 3951 452 4036 δηλονότι
471 3953 526 4023 ούκ
543 3955 616 4025 ἔστι
635 3954 958 4050 προσγεγραμμένον
974 3951 1017 4025 τδ
1036 3985 1058 4024 ι.

141 4069 252 4140 “Ταῖν
267 4069 415 4152 μούσαιν,
433 4079 508 4140 ταῖν
523 4070 644 4153 μαίαιν,
662 4079 737 4140 ταῖν
754 4069 947 4166 σφαίραιν.”

142 4184 279 4283 Εἴρηται
296 4186 350 4258 ὅτι
368 4189 463 4255 πᾶσα
481 4185 584 4258 εύθεῖα
602 4185 711 4256 δυῖκῶν
728 4188 770 4262 είς
790 4215 808 4256 ιι
824 4190 978 4278 λήγουσα
1004 4186 1185 4282 προσθέσει

101 4306 155 4372 τοῦ
175 4331 206 4372 ιυ
232 4311 322 4371 ποιεῖ
343 4301 403 4384 τήν
430 4301 555 4393 γενικήν
575 4302 627 4372 καῖ
654 4299 783 4385 δοτικήν
807 4307 873 4373 τῶν
896 4301 1003 4373 δυῖκῶν
1020 4300 1186 4384 δηλονότι,

101 4412 161 4488 οἷον
174 4416 219 4488 τιδ
245 4415 367 4514 κοχλία
391 4425 465 4488 τοῖν
489 4417 653 4514 κοχλίαιν,
670 4417 719 4488 τιδ
742 4416 857 4490 Αἰνεία
876 4427 949 4490 τοῖν
969 4415 1124 4499 Αίνείαιν,
1141 4412 1186 4487 τὰ
1197 4441 1234 4504 35
