2972 5014
406 310 472 368 ΕΙΣ
493 309 549 368 ΤΟ
572 309 863 370 ONOMATIKON.
1123 323 1187 388 349

61 479 220 563 εὐθεῖαν,
236 477 273 560 ήν
288 477 412 574 ὤφειλε
427 482 647 562 μιμήσασθαι,
665 475 736 548 οὐδὲ
762 474 830 574 γὰρ
847 478 976 573 ἔχομεν,
993 480 1032 554 ὡς
1050 478 1186 574 εἴρηται,

63 595 209 666 εὐθεῖαν
236 591 288 662 θιᾶ
317 599 380 663 τοῦ
410 623 508 664 mox
534 594 750 690 ἐκφερομένην
776 589 939 686 όξόπονον,
965 591 1107 684 λέγομεν
1132 593 1185 663 ὅτι

64 707 196 791 ἐπειδή
220 706 264 778 τὸ
289 709 435 806 γαστήρ,
452 711 492 786 ὡς
512 709 647 806 εἴρηται,
665 705 750 780 κατὰ
770 709 830 790 τήν
848 709 968 778 εὐθεῖαν
985 708 1187 805 παραλόγως

67 821 214 917 ὀξάνθη,
229 823 351 894 τούτου
377 820 475 920 χάριν
491 824 543 894 καὶ
569 822 654 896 κατὰ
679 823 739 905 τήν
757 823 882 915 γενικήν
899 825 1101 921 παραλόγως
1117 823 1188 894 ιἰνε-

70 936 209 1032 δέξατο
226 942 408 1032 συγκαπήν.
1198 955 1214 1010 5

134 1065 156 1096 “
173 1055 228 1149 Τῇ
244 1056 373 1154 μητέρι,
389 1057 441 1127 καὶ
459 1058 491 1126 ἐν
508 1061 659 1150 συγκοπῇ
676 1056 788 1152 μητρὶ,
805 1055 865 1136 τήν
881 1055 1037 1152 μητέρα.”

123 1169 255 1265 Ἀξιον
272 1171 308 1242 θέ
323 1173 396 1243 ἐστι
415 1170 554 1270 ζητήσαι
573 1169 624 1242 θιᾶ
642 1173 740 1242 ποίαν
757 1173 875 1252 αἰτίαν,
887 1169 999 1268 ὥσπερ
1016 1170 1076 1243 τὸν
1090 1173 1187 1268 ἀνέρα

74 1287 215 1379 γίνεται
233 1287 317 1358 κατὰ
335 1288 503 1380 συγκοπήν
520 1285 630 1384 ἄνδρα,
648 1289 699 1358 καὶ
717 1285 760 1358 τό
778 1287 945 1384 θυγατέρα
963 1288 1126 1386 θύγατρα,
1142 1291 1187 1372 μή

73 1402 144 1474 τὸν
175 1401 429 1501 αὐτὸντρόπον
454 1406 505 1475 καὶ
533 1402 576 1477 τὸ
600 1405 726 1502 μητέρα
753 1404 878 1496 γίνεται
906 1402 991 1476 κατὰ
1019 1405 1187 1498 συγκοπήν

75 1527 219 1616 μήτριη
238 1519 307 1590 Καὶ
324 1523 417 1591 ἔστιν
433 1524 543 1606 εἰπεῖν,
558 1520 611 1592 ὅτι
630 1518 681 1592 θιᾶ
699 1527 803 1592 τοῦτο
818 1521 854 1591 οὐ
867 1520 992 1612 γίνεται
1006 1520 1048 1592 τὸ
1060 1522 1186 1619 μητέρα
1201 1545 1236 1583 ¹0

77 1631 171 1706 κατὰ
190 1636 359 1726 σνγκοπήν
374 1643 496 1733 μήτρα,
512 1637 565 1706 ἵνα
589 1637 633 1719 μή
660 1635 843 1730 συνεμπέση
868 1641 911 1730 τῇ
934 1641 1046 1733 μήτρα
1072 1638 1185 1730 εὐθείᾳ.

80 1749 153 1822 Διᾶ
170 1757 275 1823 τοῦτο
293 1749 337 1834 θὲ,
348 1750 419 1822 οθθέ
435 1751 479 1824 πό
496 1752 627 1848 πατέρα
641 1752 766 1844 γίνεται
779 1750 865 1822 κατὰ
880 1753 1048 1846 συγκοπήν
1060 1749 1185 1849 πάτρα,

78 1873 136 1940 ἵνα
170 1870 216 1952 μή
246 1869 428 1964 συνεμπέση
460 1875 503 1963 τῇ
536 1865 651 1965 πάτρα
685 1869 800 1959 εὐθείᾳ,
826 1874 870 1962 πή
898 1869 1097 1963 σημαινούσῃ
1127 1870 1187 1952 τήν

83 1986 245 2083 πατρία.

137 2101 216 2170 ι*Ὦ
233 2105 369 2200 μήτερ.”
1199 2115 1233 2177 ²5

138 2216 283 2314 Εἴρηται
310 2219 363 2290 ὅτι
389 2217 434 2290 τὰ
460 2223 502 2296 εἰς
525 2216 741 2307 ἀμετάβολον
757 2225 919 2312 λήγοντα,
938 2217 1187 2306 ἀποβάλλοντα

85 2342 146 2416 τῆς
164 2343 287 2425 γενικῆς
308 2335 368 2416 τήν
384 2333 530 2430 ἐσχάτην
553 2333 595 2406 τό
623 2364 662 2406 ox
687 2342 819 2406 ποιοῦσι
844 2336 903 2417 τήν
920 2336 1081 2418 κληπικήν,
1099 2335 1187 2418 πλήν

86 2448 344 2520 ποῦ”Απολλον
360 2451 412 2520 καὶ
432 2449 629 2521 Ποσείδαον.
675 2451 805 2522 Ἔστιν
829 2449 882 2521 οὖν
907 2459 1011 2548 μῆτερ
1036 2453 1187 2550 μητέρος,

88 2567 142 2636 καὶ
177 2563 325 2662 θυγάτηρ
360 2567 551 2662 θυγατέρος·
594 2566 645 2636 καὶ
679 2565 801 2638 λοιπόν
835 2563 1093 2654 άποβόλλουσαι
1130 2577 1189 2651 τῆς

91 2689 214 2775 γενικῆς
239 2682 299 2763 τήν
323 2677 471 2776 ἐσχάτην
498 2679 540 2752 τό
571 2712 611 2753 ox
639 2690 770 2755 ποιοῦσι
803 2681 862 2766 τήν
891 2686 1053 2767 κλητικήν,
1083 2693 1187 2780 μῆτερ
1199 2711 1237 2750 ιο

91 2798 246 2893 θύγατερ.

143 2927 163 2956 “
180 2912 234 2985 Τά
251 2915 382 3011 μητέρε,
399 2925 474 2986 ταῖν
490 2917 653 3012 μητέροιν,
671 2916 698 2989 ιθ
712 2916 843 3014 μητέρε,
896 2913 945 2985 Αἱ
960 2915 1106 3012 μητέρες,
1124 2921 1188 2986 τῶν

92 3030 246 3126 μητέρων,
262 3039 335 3108 ταῖς
350 3027 547 3128 μητράσιν.”

169 3147 276 3242 ἰ’ρηται
288 3147 341 3218 ότι
356 3149 450 3218 πᾶσα
462 3146 572 3231 θοπική
582 3150 687 3220 ἑνικῶν
697 3153 739 3226 εἰς
753 3179 764 3220 1
778 3150 1017 3246 έκφωνοόμενον
1026 3153 1188 3241 λήγουσα,

95 3260 161 3359 πρὸ
177 3269 237 3334 τοῦ
254 3293 265 3334 ι
283 3261 502 3351 λαμβάνουσα
519 3263 562 3336 τὸ
581 3295 608 3348 x,
627 3265 679 3335 καὶ
697 3262 946 3351 ἆτοβάλλουσα
969 3262 1014 3336 τὰ
1038 3265 1083 3348 μή
1100 3262 1190 3335 θυνά-
1201 3293 1236 3350 25

95 3411 171 3464 μενα
187 3380 244 3452 σὺν
260 3383 347 3473 αθτῷ
371 3383 588 3479 ἐκφωνηθήναι
614 3391 780 3478 στοιχεῖα,
797 3380 856 3462 τήν
875 3377 1003 3462 δοτικήν
1019 3385 1085 3450 τῶν
1101 3387 1188 3462 πλη-

98 3505 242 3572 θυντικῶν
258 3509 356 3585 ποιεῖ,
374 3497 442 3570 οἷον
459 3500 542 3596 ὅφεΐ
563 3499 674 3596 ὄφεσι,
692 3495 796 3593 τάχεϊ
816 3491 951 3591 πάχεσι,
971 3492 1095 3592 Πάριδι
1114 3491 1191 3563 Πά-

23 3653 51 3704 72
66 3659 87 3700 a
97 3648 173 3716 ρισι,
190 3613 348 3687 Πλάτωνι
368 3613 565 3700 Πλάτωσιν,
584 3613 729 3710 Ἕκτορι
748 3611 929 3708 Ἕκτορσι,
948 3609 1100 3706 Νέστορι
1124 3609 1192 3680 Νέ-

99 3763 244 3830 στορσιν,
263 3732 362 3809 οὕτως
379 3729 431 3802 οθν
448 3733 500 3802 καὶ
517 3731 632 3828 μητέρι
649 3730 802 3826 μητέρσι,
817 3729 869 3798 καὶ
887 3725 938 3798 θιά
955 3728 1015 3809 τήν
1036 3727 1192 3824 εὐφωνίαν

100 3847 345 3947 ὖπερβιβασμὸς
362 3850 488 3941 γίνεται
507 3854 567 3920 τοῦ
585 3877 614 3929 ο,
631 3847 685 3916 καὶ
702 3846 813 3941 τροπή
830 3847 1073 3940 παρακολουθεῖ
1094 3850 1155 3915 τοῦ
1171 3875 1191 3915 ιι
1201 3875 1241 3932 30

101 3971 141 4044 εἰς
168 3997 185 4038 ι
215 3967 267 4038 καὶ
296 3967 421 4059 γίνεται
452 3962 629 4064 μητράσιν,
658 3961 770 4060 ὥσπερ
804 3963 926 4058 πατέρι
960 3961 1105 4058 πατέρσι
1138 3961 1192 4030 καὶ

102 4081 255 4180 πατράσι,
272 4085 324 4154 καὶ
351 4083 507 4179 θυγατέρι
534 4081 715 4176 θυγατέρσι
741 4078 793 4148 καὶ
820 4075 1020 4175 θυγατράσι,
1038 4077 1089 4146 καὶ
1112 4075 1191 4172 ἁνήρ

103 4199 204 4297 ἆνέρσι
230 4201 281 4270 καὶ
309 4197 458 4296 ἀνδράσι,
482 4203 543 4268 τοῦ
561 4227 580 4267 Δ
598 4192 855 4269 πλεονάσαντος.
909 4193 1052 4263 Δύναται
1080 4189 1191 4261 δὲκαὶ

106 4314 167 4388 ἀπὸ
181 4325 238 4397 τῆς
262 4313 347 4386 κατὰ
365 4313 535 4407 συγκοπήν
552 4311 679 4394 θυτικῆς
696 4315 760 4381 τῶν
778 4311 882 4380 ἑνικῶν
898 4310 1121 4389 κανονισθῆναι
1139 4307 1191 4374 καὶ

105 4431 153 4501 ἐπὶ
169 4431 289 4502 τούτων
307 4434 324 4514 ή
345 4429 455 4511 δοτική
474 4433 538 4500 τῶν
556 4431 787 4510 πληθυντικῶν.
832 4423 941 4494 Ἔστι
969 4419 1037 4517 γάρ
1063 4425 1081 4502 ή
1106 4417 1191 4490 κατὰ
1202 4453 1240 4513 35
