2966 5014
378 329 446 392 ειν
467 330 524 390 το
547 329 840 392 ουοιιιτικοιι.
1107 340 1169 415 ¹75

54 500 130 598 γὰρ
142 497 242 597 Ἥρα
257 494 447 593 ἐπιτάξασα
464 499 552 591 αύτῷ
574 497 753 597 διαφόρους
775 495 897 578 ἄθλους
921 496 1052 595 ἔνδοξον
1068 499 1171 580 αύτόν

54 618 272 690 ἆπετέλεσεν.
315 615 417 687 Ἀλλ’
435 617 527 687 ἔστιν
544 617 643 687 εἰπεῖν
660 612 743 713 πρὸς
758 613 894 694 τούτους
910 616 962 687 καῖ
980 615 1168 703 ἀντιθεῖναι,

54 735 113 806 ὅτι
131 732 178 806 τό
198 734 301 830 κέχει
327 733 425 830 φύσει
450 730 574 829 μακρὸν
598 730 642 805 τό
661 730 831 829 Ἦρα,τό
856 729 890 803 ὀέ
903 731 1077 830 Ἡρακλῆς
1094 734 1168 804 σύν-

56 855 161 924 θετον
174 849 233 934 μέν
249 849 288 920 θν
303 849 371 946 ἔχει
388 847 431 920 τό
449 879 470 920 A
487 849 612 948 βραχύ,
629 853 729 943 ἤγουν
746 849 834 922 θέσει
856 847 991 948 μακρόν,
1008 851 1049 928 ὡς
1073 847 1166 948 παρὰ

56 966 245 1063 Θεοκρῖτιρ,
268 965 401 1056 [24,1.]
1176 985 1192 1045 5

224 1088 356 1162 Ἡρακλέα
369 1089 510 1160 θεκόμηνον
522 1090 606 1158 ι’ὀντα,

56 1196 206 1293 ὄφειλεν
219 1190 283 1277 οὖν,
294 1195 325 1264 εῖ
338 1193 471 1286 ἐγένετο
489 1192 557 1264 ἇπό
574 1199 636 1265 τοῦ
654 1193 766 1292 Ἦρα,
782 1193 801 1280 ὴ
818 1193 948 1292 τρῖψαι
966 1193 1009 1268 τὸ
1026 1228 1047 1269 A
1065 1197 1108 1274 εῖς
1123 1193 1168 1269 τό

58 1344 91 1397 ο,
109 1314 153 1390 ὡς
175 1311 210 1382 έν
230 1313 280 1401 τςῖ
303 1308 505 1407 Ἡρόδοτος,
519 1309 727 1409 Ἡρόφιλος,
743 1311 933 1410 Ἡρόδικος,
951 1311 1072 1402 (ταῦτα
1099 1311 1168 1412 γὰρ

59 1426 130 1500 ιἰπό
148 1431 214 1500 τοῦ
230 1425 329 1523 Ἦρα
350 1425 517 1518 ε’γέυοντο,
532 1426 586 1496 καῖ
603 1423 756 1522 ἔτρεψαν
777 1425 820 1499 τό
844 1457 863 1500 A
886 1430 929 1506 εῖς
945 1427 987 1502 τό
1006 1435 1052 1526 0,)
1070 1429 1089 1513 ὴ
1106 1436 1171 1528 φυ-

59 1541 171 1637 λόξαν
187 1539 232 1613 τό
249 1571 282 1628 A,
294 1541 436 1641 ὤφειλεν
451 1541 664 1625 ἐκτεταμένον
681 1541 763 1615 αύτό
780 1541 940 1641 φυλάξαι.
974 1543 1089 1617 Ἀλλθ
1106 1547 1169 1630 μὴν
1183 1575 1218 1616 ιο

60 1662 138 1732 οὔτε
154 1656 288 1758 ἔτρεψε
304 1657 346 1730 τό
364 1689 384 1730 A
402 1661 445 1736 εῖς
461 1655 504 1730 τό
523 1689 554 1740 ο,
572 1659 649 1728 οιῖτε
664 1657 830 1756 ἐφύλαξεν
847 1659 928 1732 αύτό
946 1661 1169 1744 ἐκτεταμένον,

61 1778 116 1846 ούκ
148 1773 218 1874 ἄρα
243 1775 336 1846 ε’στῖν
362 1771 402 1868 έξ
429 1775 531 1846 αύτοιῖ
558 1777 577 1857 ὴ
600 1776 757 1853 σύνθεσις.
803 1775 945 1874 Ἕτεροι
979 1775 1014 1850 δὲ
1040 1775 1169 1872 ὀξιοῦσι

61 1893 187 1986 λέγειν,
204 1891 259 1964 ὅτι
285 1889 377 1989 παρὰ
401 1889 445 1963 τό
463 1890 564 1990 Ἧρα
588 1891 641 1964 καῖ
664 1890 708 1963 τό
732 1892 847 1977 ὀκλεὴς
866 1893 960 1966 ε’στῖν
977 1898 995 1977 ὴ
1012 1895 1171 1976 σύνθεσις,

63 2010 161 2082 οῖονεῖ
190 2011 210 2080 ὀ
240 2006 359 2102 ύόοξος
384 2007 419 2078 έκ
447 2015 506 2090 τῆς
529 2005 654 2106 Ἥρας,
685 2007 766 2080 ὅσον
796 2007 865 2108 γὰρ
894 2009 938 2084 τό
971 2012 1045 2083 κατ’
1073 2011 1171 2094 αύτὴυ

61 2124 184 2221 ἄδοξος
217 2124 359 2217 ἐγένετο·
398 2120 534 2216 έπεμψε
570 2121 639 2222 γὰρ
665 2126 737 2196 κατ’
769 2125 869 2196 αύτού
901 2124 957 2197 δύο
993 2123 1172 2223 δράκοντας
1185 2153 1217 2216 15

64 2243 192 2335 ε’νὸσιρ
221 2242 295 2314 έστῖ
321 2237 446 2336 μικρός,
470 2241 672 2338 ὀφεῖλοντας
697 2240 821 2311 ἀνελεῖν
846 2241 956 2314 αύτόν.
1012 2240 1066 2314 Τό
1093 2240 1169 2314 θέε

65 2367 126 2434 τοῦ
160 2360 277 2443 ιἰκλεὴς
303 2359 396 2433 ῖστῖν
423 2359 462 2429 ού
488 2363 550 2430 τοῦ
570 2355 679 2455 Ἦρα,
710 2353 760 2428 ὀιό
793 2357 847 2428 καῖ
881 2359 937 2430 ούκ
966 2360 1041 2433 ἔστι
1072 2359 1172 2457 φύσει

65 2473 204 2574 μακρόν,
226 2476 402 2563 ἀπεβλήθη
430 2471 498 2570 γὰρ
527 2470 571 2544 τό
597 2503 615 2544 A
642 2479 705 2543 τοιῖ
723 2471 833 2572 Ἥρα,
849 2473 962 2574 ὥσπερ
987 2476 1040 2547 καῖ
1066 2477 1099 2550 έν
1120 2478 1173 2568 τῷ

65 2593 278 2690 Ἡραγόρας,
292 2589 361 2663 ἆπό
379 2588 447 2688 γὰρ
463 2595 525 2662 τοῦ
544 2587 642 2686 ’Ἦρα
659 2589 711 2660 καῖ
729 2595 793 2661 τοιῖ
808 2590 935 2691 ὀγόρας
951 2593 1095 2686 ἐγένετο,
1109 2598 1174 2691 φυ-

67 2709 254 2806 λαχθέντος
278 2713 342 2780 τοῦ
367 2737 389 2778 A
414 2711 477 2778 τοῦ
504 2704 642 2800 ὀγόρας.
684 2703 797 2776 Ἔστι
827 2705 861 2777 δὲ
887 2707 1062 2779 ἀντιθεῖναι
1089 2707 1173 2806 πρὸς
1184 2739 1221 2779 αο

69 2826 207 2902 τούτους
222 2825 274 2895 καῖ
292 2826 403 2908 εἰπεῖν,
415 2823 469 2895 ὅτι
487 2824 517 2892 εῖ
531 2821 663 2914 ἐγένετο
682 2819 750 2892 ἆπό
765 2828 830 2894 τοιῖ
846 2823 961 2906 ὀκλεὴς
978 2826 996 2906 ὴ
1013 2824 1172 2910 σύνθεσις,

71 2939 158 3012 ὀιατῖ
183 2941 229 3025 μὴ
254 2938 399 3034 ὀξύνεται
424 2935 467 3012 τό
481 2937 672 3036 Ἠρακλέης
697 2935 789 3009 ὀλλῖι
811 2940 999 3038 βαρύνεται·
1024 2940 1077 3012 καῖ
1103 2937 1174 3040 γὰρ

73 3059 100 3127 εῖ
130 3061 167 3140 ἦν
193 3054 237 3128 τό
261 3054 450 3153 Ἡρακλέης
478 3052 547 3126 ὀτό
573 3060 636 3127 τοῦ
669 3055 784 3138 ἀκλεὴς
816 3057 957 3155 ὤφειλεν
991 3054 1173 3151 ὀξύνεσθαι.

73 3171 213 3255 Ἐπειδὴ
236 3172 336 3244 κανιόν
353 3172 481 3245 ε’στῖυό
504 3171 622 3264 λέγων,
640 3169 694 3242 ὅτι
718 3170 763 3244 τὰ
787 3175 829 3250 εῖς
854 3203 895 3244 ιιι
915 3177 1067 3266 λὴγοιτα
1092 3170 1174 3270 ὑπὲρ

73 3289 149 3368 μῖαν
174 3288 348 3375 συλλαβὴν
372 3283 603 3384 φυλάττουσιν
622 3287 655 3358 ἐν
676 3292 720 3382 τῇ
746 3290 891 3361 συνθέσει
917 3291 976 3374 τὴν
998 3287 1097 3362 τόσιυ
1113 3297 1220 3380 τοιῖα5

76 3397 197 3490 ἁπλοῦ,
214 3401 284 3477 οῖον
306 3403 484 3501 ε’ρασιστὴς
502 3403 588 3498 (sic),
606 3403 827 3500 ἆρχεραστὴς,
848 3403 1016 3488 δανειστὴς
1035 3403 1176 3489 μισοθα-

77 3521 212 3604 νειστὴς,
226 3519 351 3616 εύρετὴς
367 3519 552 3617 ε’φευρετὴς,
562 3521 688 3602 ληστὴς
701 3520 919 3618 ὀρχιληστὴς,
933 3519 1056 3616 χρύσεια
1073 3523 1178 3615 φιλο-

76 3637 208 3732 χρύσης·
235 3636 342 3726 τούτῳ
372 3632 426 3705 αύν
451 3642 500 3726 τῷ
528 3633 623 3729 λόγῳ
652 3635 704 3706 καῖ
733 3633 777 3706 τό
804 3634 991 3732 Ἠρακλέης
1020 3631 1089 3704 ἆτό
1113 3639 1176 3706 τοιῖ

78 3751 190 3834 ἀκλεὴς
216 3750 369 3850 ὴρακλεὴς
397 3749 539 3848 ὤφειλεν
568 3747 646 3822 εῖναι
675 3749 843 3846 ὀξυτόνως.
895 3753 957 3823 Δεῖ
982 3754 1175 3848 προσθεῖναι

79 3868 110 3936 ἐν
124 3873 173 3958 τῷ
198 3867 317 3952 κανόνι,
339 3866 440 3964 χωρῖς
461 3873 523 3938 τοῦ
546 3867 668 3964 κριτὴς,
690 3867 822 3954 ὀληθὴς,
846 3874 956 3941 ταῦτα
981 3865 1050 3966 γὰρ
1075 3868 1108 3939 έν
1131 3873 1175 3962 τῇ
1185 3901 1224 3958 3⁰

81 3985 224 4058 συνθέσει
250 3985 447 4082 βαρύνονται
474 3979 555 4068 οῖον,
579 3980 792 4081 θικαιοκρῖτης
819 3984 1045 4082 ὀνειροκρίτης,
1073 3989 1178 4082 φιλα-

81 4103 178 4183 λὴθης
202 4103 395 4184 μισαλὴθης.
447 4096 533 4170 Ἰθοῖι
549 4105 657 4171 ταῦτα
674 4100 706 4170 ἐν
719 4105 764 4193 τῇ
779 4100 925 4172 συνθέσει
942 4101 1180 4198 ἐβαρύνθησαυ,

82 4216 130 4286 καῖ
148 4219 203 4288 ούκ
219 4213 389 4315 ἐφύλαξαν
405 4215 466 4299 τὴν
482 4212 582 4286 τιῖσιν
598 4221 659 4287 τοῦ
684 4219 807 4302 ἁπλοῦ,
825 4215 911 4314 φημῖ
930 4215 967 4300 ὀὴ
984 4217 1044 4300 τὴν
1060 4213 1177 4311 ὀξεῖαν.

85 4329 287 4432 Πρόσκειται
316 4334 348 4402 έν
373 4337 421 4425 τῷ
451 4331 558 4404 κανόνι
590 4337 611 4374 “
625 4329 706 4428 ὑπὲρ
732 4333 809 4415 μῖαν
836 4333 1026 4422 σνλλαβὴν”
1057 4329 1109 4404 θιῖι
1135 4331 1180 4405 τό

88 4444 862 4546 ΚρὴςἘτερόκρης(Ἐτεοκρ.),καῖΓνὴςἸγυης.
878 4447 1226 4542 (¹'17vq7093321'02v35
