2954 5024
387 339 456 402 ΕΙΣ
476 339 532 402 ΤΟ
554 339 846 404 ΟΝΟΜΑΤΙΚΟΝ.
1107 351 1168 419 231

106 520 136 552 “
157 505 244 580 Τοῖν
259 505 393 591 ἧδίοιν.”

103 625 248 697 ’Ῑστέον
270 623 323 697 ότι
350 626 387 697 οῦ
412 636 609 725 σνναιρεῖται
634 625 773 699 ῖνταῦθα
797 629 815 708 »5
839 625 946 718 γενικῖν
966 628 1032 698 τῶν
1050 623 1169 706 δυΐκῶν,

40 743 131 812 ἐττει
160 739 272 824 ῖνοῦτε
288 745 306 824 »5
323 742 432 835 γενικὴ
448 747 513 813 τῶν
529 743 635 813 ἑνικῶν
657 750 866 838 σνναιρεῖται.
918 739 1037 812 Ταῦτα
1059 737 1117 822 μὲν
1137 741 1170 809 ἓν

41 859 211 933 τούτοις.

108 983 139 1014 “
151 971 200 1042 Ὦ
217 971 313 1055 ἦδὲε.”
697 955 698 958 ¹
1178 993 1195 1054 5

107 1087 250 1160 ’Ῑστὲον
267 1088 321 1160 ὅτι
344 1089 381 1158 οῦ
406 1099 603 1186 συναιρεῖται
626 1089 764 1161 ἐνταῦθα
782 1092 800 1172 »5
816 1089 951 1172 κλητικῖς
967 1093 1033 1159 τῶν
1050 1085 1169 1171 δυῖκῶν,

45 1206 134 1276 ἐπει
159 1204 271 1286 bobr»
286 1208 305 1286 »5
322 1205 425 1276 εῦθεῖα
442 1211 507 1276 τῶν
524 1203 633 1276 δυϊκῶν
653 1214 861 1303 σνναιρεῖται.
908 1203 984 1274 Τῶν
1005 1202 1039 1274 δὲ
1062 1201 1171 1274 δνῖκῶυ

45 1321 112 1390 καῖ
135 1325 204 1391 τῶν
220 1323 441 1404 πληθυντικῶν
458 1321 498 1398 ῶς
515 1324 534 1403 »5
551 1321 633 1418 ὀρθὴ
650 1318 734 1393 οὕτω
750 1319 803 1391 καί
820 1323 1003 1403 ἦκλητικῆ.

113 1449 139 1479 “
155 1435 208 1506 Ἦ
224 1438 328 1508 εῦθεῖα
344 1442 410 1508 τῶν
426 1441 649 1520 πληθυντικῶν
665 1440 699 1508 οῖ
715 1436 799 1522 ἡδέες
814 1438 867 1508 καὶ
884 1435 1139 1534 ἦδεῐςέίρηται.”

113 1551 264 1635 Ζητοῦσι
287 1550 323 1622 δέ
345 1583 440 1639 τινες,
457 1553 625 1646 λέγοντες,
643 1551 695 1626 διδ
718 1555 816 1626 τοίαν
841 1555 949 1626 αίτίαν
971 1563 1029 1637 τῆς
1052 1553 1219 1630 εῦθείαςιο

50 1673 132 1738 τῶν
150 1665 260 1739 δυῖκῶν
278 1668 323 1752 μῖι
342 1669 583 1767 σνναιρουμιίνης
606 1671 744 1744 ἐνταῦθα
770 1675 788 1754 »5
814 1673 917 1742 εῦθεῖα
942 1675 1008 1742 τῶν
1030 1673 1172 1752 τληθυν·

22 1785 168 1854 ίιτικῶν
186 1793 395 1880 συναιρεῖται.
425 1784 556 1856 Ἔστιν
572 1783 627 1857 οῦν
642 1789 752 1870 είτεῖν,
770 1786 826 1858 ὅτι
848 1789 866 1868 »5
883 1787 987 1858 εῦθεῖα
1003 1790 1069 1856 τῶν
1086 1793 1173 1868 τλη-

55 1903 232 1982 θυνι-ικῶν,
250 1899 334 1970 ὅταν
350 1897 436 1998 εῦραι
452 1898 701 1986 ἆλλετόλληλα
718 1907 897 2000 φωνήεντα,
914 1897 1059 2000 συναιρεῖ
1077 1897 1170 1984 αὐτὰ,

55 2015 138 2088 οἷον
166 2015 388 2099 Δημοσθένεες
414 2017 643 2100 Δημοσθένεις,
672 2018 770 2116 ὄφεες
799 2019 902 2116 ὄφεις,
932 2019 1039 2114 ι’χθόες
1068 2013 1170 2113 ι’χθῦς·

55 2129 141 2204 οῦδὲ
160 2127 228 2228 γὰρ
246 2131 419 2204 ἀκολουθεῖ
441 2137 484 2227 τῇ
506 2133 608 2224 εὐθείᾳ
626 2138 691 2205 τῶν
708 2132 816 2206 δυΐκῶν
831 2139 946 2206 τοῦτο.
997 2131 1084 2204 Ἰδοῦ
1102 2131 1218 2229 γᾶρις

56 2253 129 2320 τοῦ
151 2246 281 2342 βότρυς
302 2247 354 2318 καῖ
380 2243 507 2343 στάχυς
528 2247 581 2319 καί
606 2253 672 2320 τῶν
694 2249 822 2333 ὁμοίων,
846 2250 899 2320 καί
923 2253 985 2320 τυῦ
1013 2251 1095 2337 βοῦς
1119 2247 1183 2320 καῖ’

59 2368 173 2460 χροῦς
194 2362 247 2432 καῖ
271 2367 337 2434 τῶν
361 2363 490 2446 ὁμοίων,
515 2363 560 2448 μῖι
585 2365 836 2464 συναιρουμένυιν
856 2362 942 2438 κατὰ
966 2364 1028 2449 τὴν
1051 2366 1172 2439 εῦθεῖαν

60 2483 134 2548 τῶν
159 2473 277 2559 δυῦκῶν,
299 2474 369 2549 οῖον
392 2479 528 2577 βότρυι,
551 2479 692 2578 στόχυε,
715 2481 787 2569 βόε,
813 2481 907 2580 χρόε,
934 2485 953 2566 »5
978 2482 1081 2556 εῦθεῖα
1105 2489 1172 2555 τῶν

62 2597 295 2678 πληθυντικῶν
312 2605 523 2692 σνναιρεῖται,
535 2593 604 2669 οἷον
621 2598 760 2694 βότρυες
776 2598 912 2696 βότρυς,
927 2597 1070 2696 στάχυες
1087 2598 1172 2673 στά-

64 2741 140 2808 χυς,
158 2709 236 2798 βόες
252 2713 343 2798 βοῦς,
360 2712 458 2810 χρόες
473 2719 584 2811 χροῦς.
1024 2713 1030 2720 ..
1181 2750 1219 2790 αα

122 2839 144 2870 “
162 2825 239 2898 Τῶν
255 2827 379 2911 ἦδέων.”

121 2941 253 3014 Ἰστίον
269 2942 324 3016 ότι
347 2945 384 3015 οὗ
406 2954 603 3041 συναιρεῖται
626 2946 767 3018 ἐνταῦθα
788 2947 806 3028 ἦ
825 2947 932 3039 γενικὴ
949 2949 1014 3017 τῶν
1031 2949 1173 3028 πληθυν-

66 3063 179 3141 τικῶν,
195 3058 305 3144 ἐπειδὴ
322 3063 399 3136 οὔτε
414 3064 433 3144 »5
450 3061 557 3154 γενικὴ
574 3065 639 3133 τῶν
656 3061 772 3134 ἑνικῶν.

123 3189 145 3218 “
162 3175 246 3254 Τοῖς
262 3175 382 3259 ἧδὲσι.”

124 3289 342 3392 Κανανίζεται
364 3296 383 3375 »5
403 3291 514 3376 δοτικὴ
536 3297 602 3364 τῶν
622 3297 844 3377 πληθυντικῶν
868 3289 937 3363 ἇτῖι
962 3301 1021 3375 τῆς
1046 3291 1219 3389 δοτικῆςη5

69 3412 141 3480 τῶν
165 3408 279 3492 ἑνικῶν,
302 3415 351 3500 τῷ
375 3406 443 3480 ιἰτό
468 3416 526 3491 τῆς
548 3407 675 3496 δοτικῆς
699 3409 805 3480 κανόνι
830 3413 880 3500 τῷ
902 3407 1052 3503 εῖρημίνῳ
1078 3409 1110 3478 ἐν
1130 3415 1172 3502 τῇ

69 3523 150 3621 περί
169 3529 232 3594 τοῦ
249 3523 474 3608 Δημοσθένεσι
493 3522 697 3619 διδασκαλίᾳ.
749 3523 835 3595 Οῦδῖ
852 3520 921 3621 γὰρ
939 3521 1087 3594 δύνανται
1105 3519 1174 3592 ἇτδ

69 3647 133 3722 τῆς
158 3639 276 3716 εῦθείας
299 3643 365 3710 τῶν
390 3639 495 3710 ἑνικῶν
519 3645 752 3724 κανονισθῆναι,
775 3638 883 3724 ἐπειδὴ
909 3639 965 3710 οῦκ
989 3638 1064 3710 ἔστι
1089 3635 1174 3710 κατὰ

73 3751 191 3846 (μετὰ)
208 3757 343 3853 μακρᾶς·
369 3751 413 3827 τὸ
430 3753 499 3851 γὰρ
516 3785 555 3826 ει
572 3755 834 3840 συνεσταλμένον
850 3754 951 3828 ἐστίν.

124 3881 146 3911 “
199 3867 251 3946 οῦς
267 3869 359 3952 ἦδίας
374 3870 426 3942 καί
445 3868 525 3952 ἡδεῖς
542 3870 698 3969 εῖρηται.”

125 3995 146 4026 “
156 3983 203 4054 Ὦ
220 3983 304 4067 ἧδίες
319 3984 372 4058 καί
388 3987 416 4058 a
431 3984 522 4071 ἡδεῖς,
541 3985 697 4084 εῖρηται.”

523 4199 651 4274 Κκυδει
670 4204 723 4275 ιε’.

128 4327 235 4425 Λέγει
259 4333 278 4402 ὁ
303 4331 452 4431 τεχνικὸς
474 4333 529 4407 ὅτι
554 4333 600 4406 τὰ
625 4337 668 4412 είς
688 4365 728 4406 τι
751 4343 913 4430 μονογενῆ
938 4333 981 4407 τὸ
1003 4364 1023 4405 τ
1046 4330 1180 4431 φυλάτ-

77 4477 193 4522 τουσιν
219 4449 273 4520 ε’τῖ
303 4458 361 4534 τῆς
391 4458 514 4543 γενικῆς
539 4449 694 4536 δηλονότι
719 4451 772 4524 καῖ
799 4449 851 4524 διδ
877 4455 1024 4548 καθαροῦ
1051 4455 1112 4520 τοῦ
1139 4477 1178 4518 οι
