2982 5022
506 333 827 396 ΠΡΟΛΕΓΟΜΕΝΑ.
1177 351 1212 395 ιι

120 505 192 588 ἡδί
211 506 375 586 αἰτιατικίη
399 507 470 574 κατ’
489 504 609 585 αἰτίαν,
625 500 733 584 ἐπειδὴ
758 503 866 574 αἰτίαν
891 503 1048 584 σημαίνει,
1066 502 1145 585 οίον,
1163 501 1215 575 διὰ

119 621 181 692 τόν
194 621 429 719 Ἀρίσταρχον
451 619 616 702 ἐτιμήθην,
636 617 689 686 καί
712 613 764 686 διὰ
789 613 850 685 τόν
867 615 1103 713 Ἀρίσταρχον
1124 619 1218 714 ὀβρί-

120 743 213 820 σθην·
232 743 249 820 ἦ
266 736 302 808 δὲ
317 735 453 819 κληπικίη
469 734 607 825 λέγεται
624 731 922 830 προσαγοραπικίη,
939 731 1031 829 παρὰ
1047 731 1090 804 τό
1107 741 1217 804 καλεῖν

118 855 172 924 καί
188 855 447 952 προσαγορεύειν
459 851 497 923 δι’
508 852 613 932 αὐτῆς,
623 848 703 931 οἷον,
716 850 743 919 ῶ
758 849 940 944 Σώκρατες,
953 849 978 918 ιδ
991 847 1215 946 Ἀρίσταρχε.

120 971 240 1042 Ταῦτα
264 970 323 1053 μὲν
339 971 371 1040 ἐν
387 970 527 1044 τούτοις·
553 967 699 1047 ἔλθωμεν
715 962 750 1034 δὲ
770 963 822 1033 καί
840 959 1047 1051 διαλάβωμεν
1063 964 1138 1061 περὶ
1158 971 1242 1047 τῆςς

118 1085 241 1180 τάξεως
258 1087 375 1156 αὐτῶν.
405 1085 469 1154 Δεῖ
483 1084 650 1175 γινώσκειν
667 1079 720 1152 ὅτι
741 1079 825 1155 τινὲς
839 1079 900 1161 τίιν
916 1081 1068 1163 κλητικίην
1084 1083 1216 1177 πρώτην

119 1203 282 1284 ἦθίλησαν
313 1197 428 1293 τάξαι,
460 1199 630 1290 λε’γοντες,
663 1195 717 1282 ὅτι
752 1197 771 1276 ἦ
809 1193 867 1277 μὲν
900 1195 1035 1276 κλητικίι
1069 1193 1218 1291 δευτέρου

119 1320 302 1412 προσώπου
318 1317 393 1388 ε’σπί
410 1317 603 1398 σημαντικῆ·
630 1312 710 1399 αίον,
727 1311 990 1409 ώἈρίσταρχε·
1012 1315 1048 1383 αἰ
1062 1311 1097 1384 δὲ
1112 1311 1216 1384 ἄλλαι

120 1436 262 1508 πτώσεις
277 1433 396 1526 τρίτου
410 1431 593 1528 προσώπου
607 1427 688 1498 εἰσίν
705 1427 909 1510 σημαντικαί·
934 1427 1013 1510 οἰαν,
1028 1426 1218 1526 Ἀρίσταρ-

119 1578 193 1643 χος,
205 1543 450 1642 Ἀριστάρχου,
463 1539 696 1641 Ἀριστάρχῳ,
710 1541 955 1639 Ἀρίσταρχον·
971 1540 1016 1613 τά
1034 1541 1069 1613 δὲ
1084 1541 1216 1641 δεύτερα
1230 1571 1266 1610 ιο

118 1662 287 1758 πρόσωπα
309 1661 541 1757 προτερειίουσι
564 1663 630 1729 τῶν
652 1658 784 1754 τρίτων.
815 1657 939 1728 Οἰκοῶν
961 1659 1013 1728 καί
1036 1658 1216 1740 ἧκλητικίη,

118 1773 270 1870 δευτέρου
294 1776 476 1870 προσώπου
500 1771 593 1858 οὖσα,
620 1774 748 1870 ὀφείλει
775 1779 994 1871 προτερεῶσαι
1019 1777 1084 1844 τῶν
1107 1771 1219 1843 ἄλλων

119 1891 286 1970 πτώσεων,
299 1891 423 1986 τρίτων
439 1891 625 1985 προσώπων
642 1890 755 1960 οόσῶν.
779 1887 882 1959 Ἀλλ’
897 1889 989 1960 ἐστίν
1006 1890 1115 1970 εἰπεῖν,
1127 1887 1181 1960 ὅτι
1200 1893 1218 1970 ἦ

35 2021 75 2086 34
87 2001 178 2086 bu&
193 2004 329 2085 ιιλητικίι
345 2003 444 2086 μόναν
461 2002 608 2099 δευτέρου
624 2007 806 2100 προσώπου
821 2005 922 2075 ε’στίν·
947 2005 1051 2086 οίουεί,
1065 2003 1107 2074 σίι
1124 2003 1219 2099 Ἀρί-

120 2142 261 2214 σταρχε·
292 2120 329 2188 αι’
353 2116 387 2188 δὲ
412 2116 514 2188 ἄλλοι
539 2121 681 2196 πτώσεις
706 2121 743 2190 οό
771 2119 871 2201 μόνον
895 2119 1013 2213 τρίτου
1038 2119 1242 2214 τροσώπουι
1249 2145 1266 2209 5

119 2233 213 2316 εἰσίν,
230 2230 322 2303 ιἰλλό
339 2231 390 2302 καί
408 2234 542 2329 πρώτου
557 2234 609 2304 καί
628 2232 786 2329 δευτέρου·
812 2230 893 2316 οἰον,
910 2232 976 2323 ε’γῶ
994 2232 1013 2299 ὁ
1033 2231 1220 2328 Ἀρίσταρ-

120 2377 193 2444 χος,
215 2347 256 2418 σό
278 2346 520 2445 Ἀρίσταρχος,
538 2351 652 2425 ε’κεῖνος
674 2347 916 2444 Ἀρίσταρχος,
933 2345 1012 2428 ε’μοῦ
1031 2343 1220 2444 Ἀριστάρ-

121 2495 194 2559 χου,
223 2469 287 2534 σοῦ
318 2462 562 2562 Ἀριστάρχου,
592 2466 710 2536 ἐκείνου
742 2459 986 2560 Ἀριστάρχου,
1018 2462 1089 2545 ἐμοί
1124 2461 1220 2558 Ἀρι-

121 2577 273 2676 στάρχῳ,
309 2581 365 2650 σοί
404 2579 634 2678 Ἀριστάρχῳ,
668 2579 770 2668 ἐκείνῳ
808 2574 1042 2674 Ἀριστάρχῳ,
1074 2578 1126 2648 καί
1164 2576 1220 2660 ἰμὲ

122 2693 365 2792 Ἀρίσταρχον,
391 2693 431 2766 σί
455 2694 701 2793 Ἀρίσταρχον,
727 2695 842 2764 ἐκεῖνον
865 2693 1111 2790 Ἀρίσταρχον.
1163 2691 1218 2762 Τά
1231 2722 1268 2760 αα

122 2815 240 2904 πρῶτα
270 2809 521 2906 προτερειίουσιν
550 2815 615 2880 τῶν
642 2808 804 2905 δευτέρων·
835 2810 945 2879 οόκοῶν
970 2810 1023 2879 καί
1053 2811 1089 2878 αἱ
1117 2806 1219 2880 ἄλλαι

122 2926 265 3001 πτώσεις
293 2924 423 3000 εἰκότως
454 2925 687 3022 προτεραίουσι
720 2932 779 3006 τῆς
811 2930 973 3007 κλητιιιῆς,
1003 2927 1022 3006 ἡ
1052 2921 1087 2994 δὲ
1117 2923 1220 2994 ειίθεῖα

123 3044 238 3110 πασῶν
257 3045 322 3110 τῶν
342 3037 453 3110 ἄλλων
474 3042 631 3111 πτώσεων
653 3039 852 3136 προτερειίει,
872 3045 1005 3136 πρῶτον
1027 3038 1095 3124 μὲν,
1112 3037 1220 3123 ἐπειδὴ

121 3155 164 3225 δι’
184 3157 281 3236 αὑτῆς
305 3155 484 3237 ποιούμεθα
508 3153 570 3231 τίις
595 3156 780 3238 ὀνομασίας,
804 3153 962 3254 δεύτερον,
985 3155 1093 3239 ε’πειδίη
1118 3158 1221 3252 ὀρθῶς

121 3271 269 3352 σημαίνει
291 3271 352 3352 τὴν
372 3273 484 3342 ου’σίαυ
503 3277 565 3343 τοῦ
587 3267 799 3368 πράγματος·
827 3274 862 3342 αι’
884 3270 918 3342 δὲ
941 3269 1043 3342 ἄλλαι
1067 3274 1219 3356 πτώσεις,
1231 3307 1247 3346 ο
1250 3301 1268 3365 5

121 3390 221 3476 ἤγουν
238 3386 345 3478 γενικὴ
368 3387 420 3456 καί
443 3383 555 3468 δοτικίι
571 3387 623 3456 καί
641 3387 818 3470 αἰτιατικίη,
835 3387 890 3455 οἰκ
907 3388 1010 3481 ὀρθῶς
1028 3387 1220 3468 σημαίνουσι

121 3502 182 3582 τὴν
198 3502 311 3572 οόσίαν
327 3507 390 3571 τοῦ
405 3500 619 3599 πράγματος,
636 3503 712 3572 ἀλλ’
731 3502 766 3570 ἐκ
782 3502 941 3592 πλαγίου·
968 3501 1043 3571 ὅθεν
1059 3501 1110 3570 καί
1132 3499 1222 3572 πλά-

121 3643 191 3706 γιοι
217 3616 388 3707 λέγονται,
405 3619 445 3692 ῶς
467 3617 501 3686 ἐκ
526 3617 675 3709 πλαγίου
699 3617 913 3699 σημαίνουσαι
938 3617 998 3698 τίην
1024 3617 1136 3687 οόσίαν
1160 3623 1222 3687 τοῦ

120 3846 260 3936 λέγεται
285 3846 408 3921 στύλος
432 3844 524 3942 παρὰ
550 3844 592 3916 τό
616 3848 790 3928 ἵστασθαι,
816 3846 870 3918 ἐὰν
896 3847 929 3918 δὲ
955 3849 1039 3941 πίση
1066 3850 1121 3917 οόκ
1145 3836 1219 3944 ἔᾳὲι
1229 3875 1269 3932 30

121 3963 231 4057 κυρίως
247 3969 394 4031 καλεῖται
413 3963 544 4044 στάλας,
562 3960 654 4031 ἀλλὰ
675 3959 822 4053 πλάγιος
845 3965 977 4038 στυλος·
1005 3960 1104 4038 οὕτως
1125 3963 1177 4031 καί
1202 3967 1220 4045 ἡ

121 4079 225 4148 ειίθεῖα
242 4079 346 4172 ὀρθῶς
362 4076 562 4158 σημαίνουσα
578 4076 638 4158 τίηυ
655 4077 768 4147 οὖσίαυ
783 4084 844 4148 τοῦ
863 4077 1066 4176 πράγματος
1082 4079 1219 4170 λέγεται

123 4193 237 4273 ειίθείυ,
261 4193 297 4260 αἰ
335 4190 351 4260 ὲ
374 4189 477 4261 ἄλλαι
502 4194 643 4266 πτώσεις
665 4192 709 4275 μίι
726 4193 937 4274 σημαίνουσαι
955 4194 1014 4274 τίιν
1031 4192 1143 4262 αἰσίαν
1159 4199 1222 4264 ταῶ

122 4303 327 4403 πράγματος
356 4307 458 4402 ὀρθῶς
487 4303 629 4400 πλάγιοι
659 4307 830 4399 λέγονται.
874 4308 1112 4404 Προτάτακτοιι
1141 4306 1176 4378 δὲ
1201 4312 1220 4389 ἡ

123 4422 231 4512 γενικίη
261 4427 320 4502 τῆς
350 4419 476 4504 δοτικῆς
505 4421 556 4493 καί
591 4425 779 4507 αἰτιατικῆς,
811 4423 918 4506 ἐπειδὴ
948 4423 1001 4494 δύο
1032 4423 1217 4517 ἐπιδέχεται
1229 4449 1265 4507 35

647 4555 698 4598 cz
