2958 5018
17 297 79 385 γ’.
403 309 471 370 ΕΙΣ
492 307 549 369 ΤΟ
570 307 863 369 ONOMATIKON.
1120 304 1181 388 283

74 473 192 572 φαρός
211 471 352 574 (ψαρός)
366 476 419 547 καί
436 475 455 546 ό
474 473 584 574 φόρος
601 473 757 571 (ψύρος),
775 474 902 572 όΤρῶς
917 481 980 547 τοῦ
996 473 1112 574 Τρωός
1128 477 1181 547 καί

74 589 246 687 ὁΤρῶος.
294 591 345 660 'H
370 589 459 668 κυνός
485 591 592 684 γενική
613 592 668 662 ούκ
689 591 782 662 ἔστιν
807 587 875 661 ἆπό
900 599 958 673 τῆς
982 590 1036 661 κὺν
1052 592 1181 678 εύθείας,
1219 591 1224 602 ’

74 706 159 776 ἀλλ’
175 705 243 778 ἀπὸ
259 715 318 790 τῆς
327 708 404 778 κύων
414 708 522 784 κύονος
531 705 617 778 κατὰ
629 706 809 798 συγκοπήν,
819 708 859 783 ῶς
871 707 903 776 ἕν
916 713 966 798 τῷ
975 707 1181 798 Ὀνοματικῷ

71 817 293 916 Ἠραθιανοῦ,
304 823 334 891 ει’
346 823 407 910 θεῷ
421 821 535 918 φίλον,
545 821 773 904 μαθησόμεθα.
792 821 911 893 Ταῦτα
927 821 985 905 μὲν
998 823 1181 899 ἐντούτοις.

133 935 263 1007 Ἰστέον
286 935 320 1007 δὲ
343 936 397 1008 ὅτι
423 934 534 1008 πάντα
559 934 604 1008 τὰ
630 940 672 1014 εἰς
689 967 732 1008 ἰα
749 938 958 1034 βαρύνονται,
975 937 1045 1008 οἷον
1066 937 1208 1021 μόσυν,5

75 1049 221 1147 Φόρκυν,
252 1051 389 1149 Γόρτυν,
421 1050 527 1134 ε’πειθή
557 1049 602 1124 τὰ
635 1051 751 1123 πολλὰ
785 1051 877 1151 παρὰ
906 1063 977 1130 τοῖς
1003 1051 1183 1123 Αἰολεῦσιν

74 1166 297 1260 εὑρίσκονται,
320 1167 372 1238 καί
398 1165 520 1238 λοιπὸν
541 1170 581 1245 ῶς
604 1166 760 1240 δοκοῦντα
783 1165 860 1240 εἶναι
877 1166 1023 1240 Αἶολικᾶ
1041 1169 1183 1261 εύλόγως

74 1281 292 1377 βαρύνονται·
323 1285 357 1354 οί
381 1280 449 1380 γὰρ
472 1281 608 1360 Αἰολεῖς
632 1283 823 1380 βαρυντικοί
847 1287 938 1368 εἰσιν,
962 1285 1030 1355 οἷον
1053 1283 1184 1367 Πηλεύς

77 1395 225 1480 Πήλευς,
256 1397 394 1496 Ἀτρεύς
414 1395 571 1496 Ἀτρενς,
599 1397 779 1494 Ἀχιλλεύς
805 1397 996 1497 Ἀχίλλευς.
1053 1398 1185 1472 Ἰστέον

77 1512 136 1582 καί
153 1519 267 1596 τοῦτο,
285 1515 339 1586 ὅτι
358 1511 515 1612 διάφοροι
537 1511 630 1608 δόξαν
656 1513 731 1613 περὶ
756 1521 819 1587 τοῦ
843 1516 965 1613 χρόνον
985 1523 1043 1598 τῆς
1066 1516 1185 1592 εύθείας
1197 1540 1232 1580 ιο

79 1628 278 1720 γεγόνασιν,
292 1632 328 1702 αἱ
341 1629 400 1714 μὲν
418 1627 485 1728 γὰρ
503 1627 630 1724 ἀξιοῦσι
647 1628 699 1700 καί
716 1631 749 1700 ἐν
763 1637 807 1724 τῇ
824 1631 926 1722 εύθείᾳ
943 1632 996 1702 καί
1013 1632 1045 1702 ἕν
1061 1628 1185 1708 πόσαις

77 1752 158 1819 ταῖς
175 1746 342 1816 πτόσεσιν
358 1745 554 1816 ἐντείνεσθαι
579 1743 622 1815 τὸ
645 1775 675 1830 τ,
696 1747 729 1816 οἱ
753 1743 787 1816 δὲ
811 1745 967 1838 λέγουσιν
990 1745 1043 1817 ὅτι
1069 1746 1102 1817 ε’ν
1126 1745 1185 1829 μὲν

79 1863 126 1951 τῇ
145 1859 248 1949 εύθείᾳ
270 1859 492 1932 συστέλλεται
513 1857 556 1931 τό
574 1889 603 1941 τ,
621 1861 652 1930 ἐν
670 1857 704 1930 δὲ
720 1869 793 1936 ταῖς
810 1857 929 1936 ἄλλαις
945 1861 1095 1932 πτώσεσι
1112 1870 1186 1938 ταῖς

79 1975 247 2066 πλαγίαις
266 1977 450 2047 ἐκτείνεται·
477 1976 530 2046 καί
554 1973 711 2074 διάφοροι
737 1976 800 2048 είσί
826 1974 919 2070 δόξαν
944 1981 1010 2048 τῶν
1032 1981 1186 2073 τεχνικῶν

17 2119 22 2142 '
41 2123 64 2164 α
81 2089 162 2185 περί
178 2090 310 2161 τούτου.
339 2089 455 2162 Ταῦτα
467 2089 502 2162 δὲ
517 2088 563 2163 τὰ
581 2093 623 2168 εἷς
640 2121 680 2163 ἰα
699 2097 851 2184 λήγοντα
867 2092 928 2174 τήν
941 2093 1039 2175 αι’κτήν
1055 2094 1187 2190 ἔχουσιν
1198 2120 1232 2181 15

81 2205 186 2302 ὀρθήν
201 2205 254 2275 καί
275 2205 438 2288 κλητικήν,
456 2202 525 2277 οἷον
542 2207 561 2276 ό
578 2206 682 2290 μόσνν
698 2209 724 2279 ῶ
739 2207 854 2294 μόσυν,
871 2209 891 2278 ὁ
908 2206 1036 2305 Φόρκυν
1052 2209 1080 2279 ῶ
1097 2208 1188 2305 Φόρ·

82 2353 149 2404 κυν,
168 2323 186 2390 ὁ
205 2321 333 2419 Γόρτυν
348 2323 376 2392 ῶ
391 2321 420 2390 Γ
422 2322 530 2419 όρτυν.

136 2447 158 2479 “
172 2436 231 2528 Τῷ
249 2437 388 2533 Φόρκυνι
405 2434 466 2509 τόν
483 2437 632 2534 Φόρκυνα
648 2440 676 2510 ῶ
691 2439 852 2536 Φόρκυν.”

403 2551 601 2580 λῖἱθ

135 2551 282 2650 Εἴρηται
300 2553 355 2625 ὅτι
371 2584 417 2626 τα
435 2585 478 2630 εις
495 2555 711 2641 αμεταβολον
733 2559 886 2648 λήγοντα
909 2556 1078 2654 βαρύτονα
1104 2557 1189 2627 ἀπο-

84 2663 266 2753 βάλλοντα
282 2677 341 2752 τῆς
358 2676 482 2762 γενικῆς
497 2670 557 2752 τήν
569 2669 718 2767 ίσχότην
729 2668 773 2742 τό
791 2701 830 2740 oz
848 2680 937 2740 ποιεῖ
951 2670 1012 2752 τήν
1023 2672 1188 2756 κλητικήν,
1199 2703 1236 2743 20

85 2783 174 2866 πλήν
190 2789 254 2854 τοῦ
268 2781 456 2855 Ἀπολλον
472 2785 524 2854 καί
544 2783 744 2856 Ποσείδαον.

137 2909 159 2939 “
177 2897 236 2968 Τῶ
262 2899 405 2996 Φόρκυνε
428 2909 501 2971 τοῖν
528 2899 705 2998 Φορκύνοιν
721 2899 748 2972 ῶ
763 2899 917 2996 Φόρκυνε.
968 2899 1015 2970 Οἱ
1031 2899 1189 2998 Φόρκυνες

87 3019 154 3085 τῶν
170 3014 338 3110 Φορκύνων
356 3026 427 3092 τοῖς
444 3015 640 3113 Φόρκυσιν.”

134 3129 268 3202 ’Ῑστὲον
285 3131 339 3202 ότι
362 3129 430 3202 ἆπό
447 3139 505 3214 τῆς
522 3130 651 3214 θυτικῆς
666 3137 732 3204 τῶν
748 3135 854 3203 ἑνικῶν
871 3132 997 3225 γίνεται
1014 3132 1153 3205 ἐνταῦθα
1170 3137 1189 3215 ή

88 3243 200 3328 δοτική
224 3251 289 3317 τῶν
315 3251 545 3329 πληθυντικῶν,
568 3253 679 3344 τροπῇ
705 3254 768 3318 τοῦ
790 3277 812 3318 τε
833 3250 876 3325 εἷς
892 3246 935 3320 τό
954 3279 983 3333 ε,
1008 3255 1058 3340 τῷ
1082 3248 1188 3320 κανόνι
1201 3285 1233 3342 25

87 3367 137 3453 τῷ
152 3361 282 3457 ῥηθέντι
300 3363 333 3432 ἐν
348 3367 391 3456 τῇ
409 3362 485 3458 περὶ
502 3368 562 3432 τοῦ
578 3371 649 3438 τοῖς
667 3361 838 3446 Ἀλκμᾶσι
857 3361 1064 3454 διδασκαλίᾳ.

139 3487 160 3519 “
175 3476 262 3553 Τούς
279 3476 443 3572 Φόρκυνας
459 3477 485 3547 ῶ
501 3477 689 3574 Φόρκυνες.”

138 3591 283 3689 Εἴρηται
301 3591 355 3664 ὅτι
372 3597 437 3662 τῶν
454 3589 562 3663 θυΐκῶν
583 3592 635 3662 καί
659 3596 881 3675 πληθυντικῶν
897 3594 937 3668 ὡς
955 3594 972 3674 ή
990 3591 1071 3688 ὀρθή
1089 3587 1189 3668 ούτιος

88 3706 139 3779 καί
157 3711 176 3790 ἧ
193 3711 341 3791 κλητική.

407 3900 528 3976 Κκυόυ
555 3902 707 3974 κα’.-Ὁ
730 3904 867 3977 κοινόν.
1199 3944 1237 4001 30

136 4052 330 4138 Ἐμόθομεν
355 4055 387 4124 ἐν
411 4063 482 4130 τοῖς
507 4054 740 4150 προλαβοῦσα
764 4053 819 4125 ότι
843 4053 889 4126 τὰ
915 4057 957 4130 είς
980 4085 1001 4126 υ
1026 4057 1188 4148 λήγοντα,

90 4171 157 4241 είτε
185 4167 337 4266 ἀρσενικὰ
367 4169 434 4240 εἴτε
464 4166 596 4252 θηλυκὰ,
626 4168 905 4266 ἀποστρέφονται
934 4172 993 4253 τήν
1023 4201 1190 4266 περισπω-

90 4289 182 4371 μίνην
206 4283 315 4368 τόσιν,
342 4285 418 4356 ἀλλ’
446 4285 464 4369 ή
491 4284 659 4379 ὀξύνονται
685 4285 704 4368 ή
730 4287 940 4382 βαρύνονται,
967 4283 1034 4358 οίον
1059 4283 1189 4382 δελφὶν,

91 4403 255 4484 Ἐλευσίν,
288 4401 450 4486 Σαλαμίν,
478 4400 625 4487 Ἕλλην,
656 4399 812 4500 Τροιζὴν,
848 4403 946 4499 χωρίς
977 4409 1035 4483 τῆς
1069 4404 1112 4476 είς
1145 4429 1190 4470 nn

597 4539 616 4578 0
631 4539 650 4578 0
668 4535 686 4580 2
