2954 5024
404 329 474 390 ιιιι
495 329 551 392 το
574 329 868 394 ουοιιικτικου.
1127 347 1188 414 219

516 587 659 696 [Κιτιέα
680 589 756 688 ικ’.]

123 727 242 822 Λέγει
259 731 278 800 α’
294 728 443 827 τεχνικός
459 729 514 803 ὅτι
531 728 576 802 τὰ
596 733 639 809 εἰς
655 761 693 803 τι
713 735 866 825 λήγοντα
890 740 1026 831 τριγινῆ
1047 731 1100 806 διὰ
1124 742 1187 807 τοῦ

57 875 140 918 nox
158 845 340 928 κλίνονται,
356 846 514 918 τουτέστι
532 845 585 918 &a
601 854 663 918 τοῦ
678 878 699 920 κ
716 849 769 920 καί
787 879 818 932 ο,
835 845 905 920 οέον
924 849 1029 947 ταχὺς
1052 851 1185 948 ταχέας,

18 963 41 1026 b
60 961 207 1060 βραδὺς
229 961 379 1060 βραδέος,
403 960 476 1057 ὀξὺς
498 959 599 1056 ὀξέος,
626 961 696 1046 ήόὺς
721 962 821 1050 ἡδέος,
842 962 919 1042 ιέκές
943 966 1048 1050 ὠκέας,
1073 964 1187 1050 ἥμισυς

62 1082 226 1164 ήμίσεας,
252 1084 349 1163 θήλυς
374 1083 499 1162 θήλεος·
529 1077 572 1152 τό
598 1078 735 1162 θήλνόας
760 1078 852 1177 παρὰ
878 1081 1053 1178 Σοφοκλεῖ
1076 1081 1212 1172 κλιθέν5

63 1195 131 1268 διὰ
159 1200 226 1268 τοῦ
247 1225 307 1267 σοι
331 1192 530 1292 ήμιίρτήται.
583 1195 730 1293 Τριγινῆ
753 1195 803 1267 δεῖ
825 1205 916 1278 νοεῖν,
933 1196 1109 1270 τουτέστιν
1132 1196 1187 1270 έᾶν

63 1315 185 1408 ἔχωσι
211 1313 290 1409 τρία
316 1312 406 1404 γένη,
429 1310 597 1409 ἀρσενικόν
623 1311 760 1397 θηλυκὸν
784 1312 837 1382 καί
863 1311 1041 1410 οόόέτιρον,
1067 1314 1107 1391 ὡς
1131 1314 1187 1386 ε’τὶ

67 1434 141 1500 τοῦ
168 1427 274 1524 ταχὺς
297 1437 418 1524 ταχεῖα
442 1428 540 1526 ταχὺ,
563 1429 686 1528 βραδὺς
708 1427 847 1527 βραδεῖα
869 1428 986 1529 βραδὺ,
1004 1427 1079 1524 ὀξὺς
1096 1429 1187 1526 ὀξεῖα

69 1542 151 1638 ὀξὺ,
179 1548 277 1628 θήλνς
302 1547 415 1626 θήλεια
442 1549 533 1628 θήλν,
559 1545 671 1630 ήμισυς
697 1547 826 1629 ῆμίσεια
852 1543 959 1630 ήμισυ,
984 1544 1043 1618 κιίν
1068 1547 1187 1644 ἔχωσιν

70 1657 254 1757 ἀρσενικόν
276 1659 377 1745 μόνον
401 1660 453 1730 καὶ
480 1659 648 1759 οὐθέτερον
672 1663 777 1754 γένος,
800 1660 870 1734 οέον
892 1662 996 1738 πολὺς
1020 1662 1118 1745 πολι),
1136 1661 1235 1746 ῆέιςιο

72 1776 127 1861 ῆι),
153 1776 317 1865 (σημαίνει
341 1775 376 1848 δέ
399 1775 460 1848 τὸν
482 1775 611 1870 ἀγαθὸν
633 1779 687 1848 καί
713 1775 883 1874 ἇνδρεῐον,)
907 1784 1016 1850 ταῦτα
1040 1776 1109 1875 γὰρ
1131 1779 1187 1850 αιίκ

73 1891 199 1987 ἔχουσι
217 1889 349 1972 θηλυκά.
391 1891 599 1989 Πρόσκειται
617 1894 649 1964 έν
665 1898 714 1984 τῶ
732 1891 838 1964 κανόνι
857 1905 878 1935 “
890 1894 1056 1991 τριγενῆ,”
1073 1890 1125 1964 διὰ
1140 1890 1186 1966 τὰ

75 2015 254 2100 μονογενῆ,
272 2007 353 2094 οίον,
370 2006 423 2080 διὰ
439 2007 482 2081 τό
499 2009 624 2109 βότρυς
641 2008 796 2107 βότρυος,
814 2010 897 2086 νέκυς
917 2009 1029 2090 νέκυας,
1046 2008 1122 2106 περὶ
1145 2008 1187 2082 ῶν

77 2121 203 2222 ἐφεξῆς
227 2127 402 2222 εἰρήσεται.
453 2124 583 2197 Ἰστέον
604 2125 638 2198 δέ
660 2125 714 2197 ὅτι
740 2131 847 2197 ταῦτα
870 2122 916 2196 τὰ
939 2127 981 2201 εἰς
997 2153 1035 2195 τι
1051 2131 1186 2220 τριγενῆ

80 2240 136 2314 διὰ
154 2240 198 2314 τό
217 2273 236 2314 ιι
253 2243 306 2313 καὶ
324 2273 344 2314 o
360 2241 465 2325 μόνων
481 2243 658 2328 κλίνονται,
676 2239 745 2314 αίαν
761 2240 894 2337 ταχέας,
911 2237 1062 2337 βραδέος,
1078 2240 1184 2318 ιέκέος·
1198 2273 1232 2334 15

81 2361 141 2430 οὐκ
158 2359 332 2430 ε’κτείνουσι
349 2357 383 2429 δέ
399 2355 442 2429 τό
460 2389 480 2429 o
498 2360 541 2434 είς
558 2355 601 2428 τὸ
619 2387 640 2429 ο
658 2355 834 2442 Ἀττικῶς,
849 2358 889 2432 ῶς
905 2355 959 2426 έτί
977 2361 1039 2426 τοῦ
1056 2353 1187 2440 Πηλεὺς

85 2473 224 2558 Πηλέως
239 2476 292 2545 καί
309 2473 489 2571 Ἀχιλλεὺς
505 2473 702 2570 Ἀχιλλέως.
746 2471 832 2544 Οόόέ
848 2469 916 2569 γὰρ
935 2471 1083 2564 γίνονται
1101 2472 1187 2570 βρα-

85 2589 162 2666 δέως
185 2591 237 2661 καί
262 2591 388 2688 ταχέως
412 2591 464 2661 καί
488 2591 589 2667 ὠκέως
610 2592 662 2660 καί
686 2588 783 2684 ὀξέως
804 2587 856 2660 θιᾶ
877 2595 938 2660 τοῦ
955 2619 975 2662 ε
992 2590 1045 2660 καί
1062 2619 1083 2659 ο
1101 2585 1186 2660 κατὰ

86 2706 148 2789 τῆν
164 2709 299 2798 γενικήν.

138 2819 206 2891 Καί
231 2819 324 2915 ἄξιον
345 2822 418 2893 έστί
445 2818 585 2922 ζητῆσαι
610 2818 662 2892 θιῶ
689 2821 787 2890 τοίαν
810 2820 918 2890 αι’τίαν
935 2817 980 2890 τὰ
1002 2821 1045 2896 είς
1061 2848 1098 2890 τι
1114 2848 1236 2915 τρι-αα

89 2946 165 3034 γενῆ
182 2936 233 3010 διὰ
254 2944 316 3010 τοῦ
334 2969 353 3010 α
369 2939 422 3009 καὶ
448 2970 467 3009 ο
490 2937 594 3021 μόνως
618 2939 796 3022 κλίνονται,
819 2936 871 3007 καί
898 2937 935 3006 οὐ
961 2936 1108 3028 γίνονται
1134 2933 1188 3008 διὰ

88 3059 150 3126 τοῦ
168 3085 187 3125 ιι
203 3054 255 3125 καί
278 3084 298 3124 α
322 3051 485 3130 Ἀττικῶς
507 3051 592 3124 κατὰ
618 3054 678 3137 τῆν
700 3056 836 3146 γενικήν·
862 3053 915 3124 καὶ
940 3052 1079 3144 λέγουσι
1104 3051 1188 3131 τινές

89 3173 148 3254 τῆν
163 3170 351 3262 ἆτολογίαν
367 3169 499 3253 ταύτην,
517 3168 572 3240 ὅτι
593 3167 646 3240 διὰ
668 3177 773 3242 τοῦτο
798 3168 844 3243 τὰ
870 3173 913 3248 είς
934 3200 971 3242 τι
993 3178 1128 3268 τριγενῆ
1151 3172 1189 3242 οὗ

92 3289 234 3381 γίνονται
253 3283 305 3356 διὰ
321 3291 384 3356 τοῦ
401 3315 421 3356 ις
438 3285 491 3356 καί
509 3315 530 3356 ο
549 3283 713 3364 Ἀττικῶς
733 3284 819 3359 κατὰ
845 3287 904 3370 τήν
927 3288 1062 3379 γενικήν,
1080 3285 1189 3369 ἐπειδή

92 3401 135 3474 τὰ
160 3405 199 3479 είς
225 3431 243 3472 κ
269 3405 422 3494 λήγοντα
448 3398 580 3484 θηλυκὰ,
606 3400 972 3501 ταρασχηματιζόμκνα
998 3401 1188 3499 ἆρσενικοῖς,
1199 3431 1234 3491 25

94 3524 271 3617 ι’σοχρονεῖν
288 3519 421 3591 θέλουσι
447 3523 491 3612 τῇ
514 3517 663 3611 ληγοόσρ
689 3525 748 3601 τῆς
774 3525 898 3611 γενικῆς
923 3522 985 3587 τοῦ
1009 3517 1187 3610 ιἰραενικοῶ,

94 3633 160 3707 οίον
175 3632 355 3734 Βυζαντίου
371 3629 551 3732 Βυζαντία,
566 3632 700 3706 Ῥοδίου
722 3631 849 3714 Ῥαόία,
874 3633 1059 3728 ἀλλοτρίου
1083 3633 1190 3704 ιἰλλο-

95 3751 177 3849 τρία,
203 3751 337 3845 μετρίου
365 3749 494 3846 μετρία,
525 3747 642 3820 οἰκείου
670 3749 781 3833 αι’κεία,
814 3748 1052 3845 παραπλησίου
1081 3780 1189 3848 ταρα-

97 3867 226 3950 τλησία,
245 3867 372 3950 Σαμίου
390 3865 512 3949 Σαμία.
545 3862 633 3936 Ἰδοὺ
649 3865 703 3934 ε’τί
721 3865 847 3936 τούτων
863 3865 988 3962 μακρόν
1004 3866 1079 3938 ἐστι
1096 3865 1138 3938 τὸ
1156 3897 1187 3951 κ,

98 3981 196 4064 έτειόῆ
220 3983 272 4053 καί
299 3987 317 4065 ή
343 3986 495 4074 λήγουσα
525 3989 583 4063 τῆς
609 3988 732 4073 γενικῆς
758 3978 867 4078 μακρό
894 3984 980 4067 ἐστι,
1008 3983 1060 4052 καί
1086 3980 1237 4074 τόλιν3ο

100 4097 212 4176 παντὸς
252 4102 357 4181 πᾶσα,
396 4098 568 4194 χαρίεντος
609 4097 787 4193 χαρίεσσα,
825 4097 975 4174 Φοίνικος
1012 4097 1188 4181 Φοίνισσα,

102 4213 227 4290 ἄνακτος
255 4211 398 4299 όνασσα,
427 4212 567 4288 Κίλικος
597 4211 763 4294 Κίλισσα,
790 4214 977 4289 τύπτοντας
1005 4214 1188 4294 τύπτουσα,

105 4329 286 4429 γράφοντος
303 4327 497 4427 γράφουσα,
513 4327 703 4424 ’κεκυφότας
719 4333 892 4426 τετυφυῐα.
937 4326 1023 4398 Ἰδοὺ
1040 4329 1094 4398 έτί
1114 4329 1190 4400 τοιί-

105 4482 161 4520 των
175 4447 285 4546 βραχὺ
301 4447 374 4516 έστι
392 4445 434 4517 τὸ
454 4475 484 4527 ιι,
502 4443 609 4526 ἐπειέῆ
627 4446 679 4517 καί
698 4449 716 4526 ἦ
732 4449 885 4538 λήγουσα
908 4453 966 4527 τῆς
988 4453 1111 4535 γενικῆς
1129 4449 1190 4514 τοῦ

599 4560 682 4627 νέα
