2954 5024
384 333 450 392 mx
471 333 527 393 το
551 335 841 395 οΝοΜΑτικοΝ.
1105 349 1164 415 243

407 600 528 674 Κικόκ
547 601 694 674 ικ’.--Ὀ
712 609 828 675 nauh.

107 735 222 828 Λέγει
240 735 293 806 ότι
310 734 355 806 τὰ
373 739 415 812 εἰς
433 765 491 806 οτι
510 737 705 833 συνηρημέυα
722 737 863 818 τὴντῶν
880 736 1016 806 ἐντελῶν
1033 734 1164 834 φυλόπ-

43 880 158 920 τουσι
185 851 303 933 κλίσιν,
322 851 390 922 οἷον
407 851 545 948 χρύσεος
570 852 720 948 χρυσέου,
745 857 885 948 χρυσοῦς
910 858 1047 948 χρυσοῦ,
1064 852 1167 949 ἀργύ-

46 995 133 1059 ρεος
151 966 323 1062 ἀργυρέου,
340 966 501 1064 ἀργυροῦς
526 967 681 1063 ἀργυροῦ,
699 967 771 1045 νόος
795 968 878 1050 νόου,
897 971 965 1044 νοῦς
983 973 1047 1052 νοῦ,
1066 965 1166 1044 οὕτως

49 1078 112 1150 οῦν
131 1083 187 1151 καὶ
205 1082 311 1159 πλόος
327 1083 446 1166 πλόου,
463 1081 516 1152 καί
533 1087 636 1157 πλοῦς
652 1087 751 1151 πλοῦ.
804 1081 874 1152 Καὶ
891 1082 1036 1154 καθόλου
1061 1081 1095 1154 θέ
1119 1081 1164 1155 τὰ
1174 1105 1190 1166 5

49 1197 261 1294 συνηρημένα
277 1199 337 1280 τήν
353 1204 418 1269 τῶν
435 1199 573 1268 ἐντελῶν
591 1194 802 1294 φυλάττουσι
820 1197 939 1280 κλίσιν,
952 1197 1032 1281 οἷον,
1042 1203 1166 1282 τιμήεις

48 1315 244 1396 τιμήεντος,
261 1321 357 1396 τιμῆς
373 1321 529 1396 τιμήντος
553 1316 609 1406 [ll.
626 1311 671 1381 α’.
689 1335 729 1402 47
732 1317 779 1404 5.]

226 1441 268 1494 καὶ
280 1441 382 1510 χρυσόν
395 1441 503 1508 τιμῆντα
517 1441 557 1494 καὶ
572 1437 694 1511 όργυρον.

53 1543 217 1638 δαφνήεις
234 1541 442 1638 όαφνήεντος,
461 1541 584 1638 όαφνῆς
602 1541 796 1639 όαφνῦντος,
816 1544 947 1627 Σιμόεις
974 1544 1165 1630 Σιμόεντος,

57 1659 188 1741 Σιμοῦς
214 1659 404 1741 Σιμοῦντυς,
421 1657 575 1732 πλακόεις
600 1659 812 1740 πλακόεντος,
836 1665 980 1736 πλακοῦς
1004 1665 1214 1733 πλακοῦν-ιο

19 1810 39 1850 a
57 1805 134 1858 τος,
142 1774 291 1870 Ἐρμέας
301 1775 457 1871 Ἐρμέου,
468 1773 595 1869 Ἑρμῆς
605 1771 746 1868 Ἑρμοῦ,
755 1772 1164 1871 ἨρακλέηςἩρακλέους,

56 1889 236 1984 Ἡρακλῆς
266 1890 465 1987 Ἠρακλοῦς,
501 1889 634 1964 Σωσίας
662 1887 805 1969 Σωσέου,
837 1888 953 1972 Σωσής
982 1889 1111 1971 Σωσοῦ,
1145 1893 1164 1960 ό

60 2003 147 2103 ζωός
161 2011 223 2074 τοῦ
248 2002 339 2102 ζωοῦ,
357 2007 376 2074 ό
404 2002 465 2103 ζῶε
487 2010 549 2075 τοῦ
570 2001 662 2102 ζῶ,ό
687 2001 768 2078 σαός
794 2010 856 2086 τοῦ
878 2011 970 2088 σαοῦ,
987 2007 1006 2075 ὁ
1024 2005 1089 2082 σός
1105 2011 1166 2076 τοῦ

60 2127 124 2191 σῶ.
178 2119 295 2191 Ταῦτα
316 2119 350 2191 δὲ
376 2124 404 2190 εί
428 2122 479 2190 καὶ
505 2121 549 2202 μή
566 2120 625 2201 τήν
643 2119 740 2200 αῦτήν
756 2120 864 2189 κλίσιν
881 2119 1060 2216 ἐφύλαξαν,
1078 2122 1164 2216 φημὶ

61 2237 101 2318 δή
127 2236 188 2318 τήν
210 2237 448 2322 ἰσοσύλλαβον,
466 2233 577 2331 ὥσπερ
605 2233 672 2330 γὰρ
698 2232 743 2304 τὰ
763 2235 876 2316 ε’ντελή
903 2237 1006 2306 ου’-κῶν
1029 2239 1186 2306 ι’σοσυλ-ι
1196 2265 1212 2321 5

61 2348 180 2438 λόβως
195 2353 371 2436 κλίνονται,
389 2349 473 2421 οῦτω
489 2350 541 2420 καὶ
564 2347 608 2419 τὰ
631 2350 826 2445 σννηρημένα
845 2346 1079 2438 ι’σοσυλλόβως
1095 2351 1166 2420 κλί-

64 2499 187 2538 νονται.
244 2467 365 2544 Καλῶς
399 2466 433 2536 όὲ
462 2467 584 2561 ε’ίρηται
616 2465 670 2535 ότι
704 2463 749 2535 τό
784 2468 981 2564 συνηρημένα
1014 2468 1074 2550 τήν
1100 2473 1166 2538 τῶν

62 2585 202 2652 ἐντελῶν
219 2580 430 2679 φυλάττουσι
447 2583 566 2664 κλίσιν,
584 2583 635 2652 καὶ
654 2583 728 2678 οόχί
749 2581 794 2653 τὰ
812 2585 1006 2656 πεπονθότα
1024 2585 1084 2667 τήν
1100 2590 1166 2656 τῶν

63 2699 209 2769 ἀπαθῶν.
253 2698 338 2769 Ἰόοὺ
356 2697 423 2794 γὰρ
441 2701 532 2769 ἐστιν
550 2703 567 2780 ή
585 2699 681 2781 εἰκῶν,
700 2699 750 2767 καὶ
769 2697 854 2770 κατὰ
872 2700 1048 2784 ἀποβολήν
1063 2705 1126 2769 τοῦ
1143 2729 1164 2768 κ

65 2814 192 2904 γίνεται
217 2813 298 2895 εἶκῶ,
316 2815 369 2884 ε’πί
395 2821 457 2884 τοῦ
482 2815 581 2884 αῦτοῦ
604 2813 848 2897 σημαινομένου,
866 2812 917 2882 καί
944 2815 981 2882 οῦ
999 2809 1163 2908 φυλόττει
1177 2845 1213 2885 20

64 2930 125 3010 τήν
142 2931 240 3011 αῦτήν
256 2931 373 3000 κλίσιν.
428 2928 534 3000 Είκῶν
550 2927 607 3011 μέν
625 2927 694 3026 γὰρ
711 2928 841 3009 εἰκόνος,
859 2927 929 2996 είκῶ
947 2925 981 2996 δέ
998 2929 1108 3010 εἰκοῦς,
1125 2931 1165 3004 ὡς

68 3045 203 3142 Σαπφῶ
221 3046 394 3143 Σαπφοῦς·
421 3045 497 3115 ἀλλ’
517 3045 572 3114 οῦκ
589 3045 663 3116 ἔστι
690 3042 774 3116 κατὰ
802 3043 992 3139 συναίρεσιν.
1045 3041 1162 3144 Ταῦτα

66 3161 123 3244 μὲν
139 3161 171 3230 έν
186 3163 325 3238 τούτοις.

113 3274 243 3345 Ἰστέον
260 3275 293 3346 δέ
313 3276 367 3346 ότι
390 3275 432 3346 τό
457 3274 515 3358 μὲν
531 3283 627 3358 τιμῆς
646 3283 802 3357 τιμῦντος
824 3274 944 3366 γέγονε
965 3281 1088 3346 τοῦτον
1103 3274 1164 3345 τόν

67 3389 202 3484 τρόπον·
237 3390 311 3460 ἔστι
337 3395 470 3476 τιμήεις,
488 3391 540 3460 καὶ
564 3388 650 3460 κατὰ
676 3393 791 3485 κρᾶσιν
816 3395 878 3460 τοῦ
904 3419 926 3458 u
952 3389 1004 3458 καὶ
1032 3418 1051 3458 ιι
1078 3392 1120 3464 εἰς
1142 3417 1210 3479 525

69 3504 184 3595 γέγονε
209 3511 315 3589 τιμῦς,
342 3511 403 3574 τοῦ
430 3535 441 3575 ι
470 3506 733 3592 ἀποβληθέντος.
786 3502 839 3573 Τὸ
873 3501 907 3573 όὲ
936 3532 946 3571 ι
977 3503 1163 3588 ἀπεβλήθη,

69 3616 172 3698 ἐπειδή
188 3622 287 3688 κανών
303 3620 431 3691 ε’στίνὸ
455 3622 572 3712 λέγων,
591 3621 644 3690 ὅτι
670 3619 714 3691 τὰ
737 3623 779 3696 εἰς
806 3649 824 3688 5.
841 3623 993 3710 λήγοντα
1011 3616 1163 3714 ἀρσενικὰ

71 3735 105 3802 οῦ
121 3733 269 3804 θέλουσιν
284 3736 370 3830 ἔχειν
387 3735 418 3804 έν
435 3739 478 3828 τῇ
495 3737 667 3825 τελευταίᾳ
686 3735 842 3827 συλλαβή
866 3736 903 3804 τί
919 3765 1005 3804 ποτε
1022 3735 1165 3832 ἀνεκφεύ-

71 3880 171 3932 νητον,
188 3849 255 3919 οἷον
283 3847 412 3944 Λόχης,
439 3849 585 3946 Χρύσης,
611 3849 716 3946 ἱόριῦς,
743 3851 891 3944 κοχλίας·
919 3847 1018 3925 οὕτως
1041 3849 1094 3920 οῦν
1111 3852 1163 3921 καί

71 3963 111 4035 τό
126 3973 218 4046 τιμῆς
234 3963 332 4061 χωρίς
348 3973 408 4035 τοῦ
426 3996 448 4035 1.
501 3964 708 4060 Πρόσκειται
727 3975 747 4006 “
764 3968 806 4040 εἰς
826 3995 842 4034 2
860 3967 1042 4056 λήγοντα,”
1053 3963 1104 4035 διὰ
1122 3965 1212 4052 τόςο

73 4077 171 4178 θρᾷξ,
198 4086 301 4150 τοῦτο
328 4079 396 4177 γὰρ
420 4083 489 4177 έχει
520 4079 563 4151 τό
591 4111 601 4150 1
625 4082 860 4178 ἁνεκφώνητον·
896 4083 972 4151 ἀλλ’
1002 4083 1039 4152 οῦ
1068 4084 1164 4174 λήγει

73 4201 111 4273 εἷς
129 4225 145 4266 2
160 4196 238 4265 ἀλλ’
254 4200 296 4272 εἰς
323 4224 354 4268 ε.
407 4195 614 4292 Πρόσκειται
642 4207 662 4238 “
677 4195 848 4294 ἀρσενικά”
875 4195 927 4266 διὰ
953 4195 995 4268 τό
1022 4195 1165 4277 Κισσηῒς

74 4311 181 4404 Κισής,
200 4311 324 4407 Νηρηῒς
341 4311 462 4408 Νηρής,
481 4311 619 4408 Βρισηῒς
643 4311 781 4408 Βρισής,
800 4309 867 4388 όόῖς
893 4311 949 4402 δᾷε
974 4315 992 4392 ἦ
1017 4307 1163 4393 λαμπός·

74 4433 171 4499 ταῦτα
189 4424 257 4522 γὰρ
275 4429 316 4504 είς
333 4424 376 4497 τό
396 4458 410 4499 2
428 4431 588 4519 λήγουσιν
604 4428 656 4496 καί
683 4429 794 4523 ἔχουσι
822 4425 864 4498 τό
892 4457 902 4497 1
927 4427 1164 4522 ἀνεκφιόνητον,

586 4559 660 4606 112
