2972 5014
391 310 459 370 ΕΙΣ
480 309 537 372 ΤΟ
559 309 852 371 ΟΝΟΜΑΤΙΚΟΝ.
1103 321 1167 392 335

23 480 128 552 ἆντῖ
170 484 237 551 τοῦ
268 477 452 556 Ὀδυσσέως
484 479 545 561 τήν
574 479 670 578 χεῖρα
697 478 850 576 ἐφίλησε·
883 477 936 550 καῖ
963 474 1078 562 πάλιν,
1109 480 1170 576 [ΙΙ.

27 595 84 668 ν’·
104 594 213 685 424]

187 717 366 789 Ἰδομενεῡεθ
378 718 505 792 οὒλήγσ
516 719 593 790 μίνος
606 717 683 792 μίγα,

31 823 132 895 ἆντῖ
152 829 220 894 τοιῖ
233 821 417 907 Ἰδομενέως
434 823 471 893 οιῖ
486 830 589 916 λῆγεν
606 826 624 905 »5
643 821 779 907 δύναμις·
797 825 850 895 καῖ
868 822 936 895 ι’θοῖν
953 824 1172 920 ῶμοφῶνησεν

34 944 62 1022 »5
87 939 212 1032 γενική
227 945 272 1035 τῇ
290 939 392 1031 εὖθείςι
415 937 501 1012 κατὰ
517 936 579 1011 τὸν
595 937 694 1011 αιῖτόν
719 939 869 1037 ιἰριθμόυ·
897 937 1077 1016 Ὀδυσσεὺς
1102 936 1197 1035 γᾶρ5

36 1056 108 1126 καῖ
138 1053 319 1138 Ἰδομενεὺς
343 1055 436 1126 ἕστῖν
458 1058 477 1138 »5
500 1056 613 1138 εὕθεῖα,
630 1055 682 1126 καῖ
701 1054 786 1139 ὅμως
809 1057 865 1126 οὗκ
888 1052 1085 1149 ε’τεθέξαντο
1110 1052 1172 1126 τὸν

40 1169 166 1243 αὐτὸν
192 1171 302 1243 τόνον.
345 1169 396 1239 Ἡ
412 1169 472 1254 μὲν
488 1169 557 1269 γὰρ
571 1169 851 1265 ειῖθεῖαόξιίνεκαι,
869 1173 887 1253 »5
905 1169 939 1242 δὲ
956 1171 1063 1264 γενική
1080 1199 1173 1268 περι-

42 1292 269 1379 σπᾶται,τῷ
282 1287 377 1381 λόγῳ
390 1296 449 1372 τῆς
461 1287 670 1385 συναιρέσεως
681 1291 740 1370 τῆς
752 1283 821 1357 ἆτῖι
834 1283 941 1380 ὀξείας
956 1285 1009 1356 καῖ
1026 1285 1171 1384 βαρείας.

110 1416 134 1447 “
147 1403 198 1472 Ὦ
216 1404 389 1502 Σαπφοῖ.”
1154 1409 1158 1414 ’

113 1517 225 1612 Λέγει
244 1521 262 1590 ὁ
279 1517 427 1616 τεχνικὸς
444 1519 498 1591 ὅτι
517 1522 535 1602 »5
551 1520 686 1604 κλητική
703 1525 769 1591 τῶν
786 1521 829 1598 εῖς
846 1549 867 1590 α
885 1523 1027 1603 θηλυκῶν
1049 1523 1092 1597 είς
1113 1521 1173 1603 τήν
1187 1548 1221 1586 10

51 1666 93 1706 οι
116 1633 316 1731 δίφθογγον
332 1635 440 1728 λήγει,
457 1644 516 1728 τῆς
540 1640 686 1733 χρήσεως
709 1634 810 1713 οὕτως
829 1636 977 1732 ε’χοιῖσης,
995 1639 1013 1718 »5
1035 1635 1172 1733 Σαπφῶ

52 1753 88 1822 εἶ
106 1751 269 1848 Σαπφοῖ,
287 1755 305 1833 ή
324 1749 427 1835 Λητῶ
445 1753 471 1822 ὦ
488 1751 613 1835 Λητοῖ.
649 1757 704 1846 [Il.
722 1753 773 1850 φ’.
783 1753 875 1843 498.]

194 1881 282 1948 Λητοῖ,
297 1878 348 1950 ῖγῶ
362 1878 392 1932 δι’
404 1899 445 1932 τοι
459 1880 516 1932 οὔτι
528 1877 686 1948 μαχήσομαι.

63 1988 142 2060 Ka}
168 1990 261 2060 ἔστιν
285 1989 395 2072 εἰπεῖν,
412 1987 466 2060 ὅτι
493 1989 673 2086 εὑρίσκει-αι
694 1988 747 2059 ε’πῖ
772 1989 898 2060 τούτων
918 1992 937 2071 ή
961 1989 1097 2072 κλητική
1121 1987 1174 2060 καῖ

62 2107 251 2203 ὁμοφώνως
268 2112 314 2200 τήἸ
328 2107 442 2197 εὖθείᾳ,
459 2108 499 2182 ὡς
516 2101 607 2202 παρὰ
625 2109 673 2195 τῷ
692 2103 921 2196 Ἀπολλωνίῳ,
945 2107 990 2198 [3,
1011 2102 1060 2198 1.]
1188 2129 1220 2190 15

195 2231 219 2284 εῖ
232 2229 255 2286 θ’
268 2229 316 2304 ὅγε
329 2234 384 2300 νῦν,
398 2229 508 2305 Ἐρστὸ,
522 2231 592 2303 πάρα
606 2229 630 2286 θ
644 2228 742 2285 ἵστασο
756 2231 798 2285 καί
811 2253 856 2302 μοι
868 2233 969 2286 ἔνισπε.

66 2335 89 2405 ὁ
116 2333 229 2417 με’ντοι
255 2335 392 2418 ποιητής
408 2335 461 2406 καῖ
485 2331 586 2405 ἄλλοι
610 2335 653 2412 εἷς
675 2335 736 2418 τήν
762 2363 795 2406 οι
822 2333 1017 2433 δίφθογγον
1040 2339 1173 2405 ποιοῦσι

66 2450 134 2533 τήν
151 2451 314 2537 κληκικήν,
332 2449 411 2533 οῖον,

198 2575 285 2642 Δητοῖ,
300 2573 351 2646 ῖγὸ
364 2572 447 2630 δέτοι
460 2577 491 2628 οὔ
504 2595 529 2628 τι
542 2575 700 2647 μοχίσοριιι,

73 2679 128 2750 καῖ
156 2688 177 2719 “
189 2677 273 2774 φίλη
298 2678 439 2749 πειθοῖ.”
478 2676 549 2748 Καῖ
567 2676 660 2772 ἄξιον
676 2679 750 2751 ἔστῖ
769 2676 920 2778 ζητήσαι,
938 2682 967 2750 εῖ
982 2677 1048 2776 ἄρα
1065 2683 1084 2762 »5
1099 2687 1224 2762 κλη-ιο

72 2795 150 2876 τικῖη
174 2791 331 2864 οὐδέποτε
353 2793 491 2864 πλείονα
514 2798 683 2890 φωνήεντα
700 2796 768 2892 ἔχει
785 2803 844 2878 τῆς
862 2794 942 2872 ῖιῖίας
959 2793 1088 2880 εὐθείας,
1107 2791 1176 2865 οἷον

74 2916 184 2994 μοῦσα
201 2909 360 2992 ῶμοιῖσα,
377 2909 457 2994 τιμή
480 2908 507 2981 ιῖ
526 2910 616 2994 τιμή,
638 2912 731 2998 βῆμα
753 2912 781 2982 ὦ
804 2913 907 2998 βῆμα,
925 2907 1013 2982 ι’ίστυ
1038 2907 1177 2996 ῶᾶστυ,

78 3028 158 3114 βοῦς
182 3023 207 3094 ῶ
231 3025 305 3111 βοιῖ,
323 3021 375 3094 ιῖιᾶ
401 3024 499 3095 ποίαν
522 3025 633 3096 αῖτῖαν
657 3027 710 3096 ἐπῖ
727 3032 793 3098 τῶν
809 3029 852 3103 είς
868 3056 891 3122 α
907 3029 1049 3110 θηλυκῶν
1065 3030 1083 3108 »5
1100 3033 1178 3110 κλη-

78 3143 152 3226 τική
168 3141 302 3214 πλείονα
320 3145 487 3239 φωνήεντα
504 3142 573 3238 ἔχει
596 3150 655 3225 τῆς
679 3141 760 3220 ῖιῖίας
782 3143 912 3229 ἕυθείας,
929 3139 999 3213 οῖον
1016 3139 1177 3234 Καλυψοῖ

50 3355 52 3359 Ι
79 3261 107 3332 ὦ
131 3256 305 3352 Καλυψοῖ,
334 3256 438 3342 Λητῶ
465 3258 491 3329 ιῖ
520 3257 643 3342 Λητοῖ.
708 3258 777 3329 Ka>
807 3259 899 3351 λέγει
930 3258 949 3328 ὁ
974 3255 1178 3355 Ἠρωθιανός
1189 3295 1223 3355 25

80 3373 197 3458 ποθι-ην
219 3375 280 3458 τήν
302 3375 502 3468 ἆπολογίαν,
521 3374 574 3445 ὅτι
596 3370 642 3446 τὰ
667 3374 792 3470 ἀρχαῖα
816 3377 881 3444 τῶν
903 3369 1121 3470 ἀντιγράφων
1145 3373 1178 3442 ἕν

81 3501 153 3568 ταῖς
183 3493 226 3568 είς
258 3521 280 3561 α
313 3491 494 3584 ληγοῦσαις
526 3487 659 3566 εὐθείαις
692 3487 783 3586 εῖχον
814 3487 857 3561 τὸ
892 3519 903 3559 1
935 3517 1179 3585 προσγεγραμ·

83 3607 184 3690 με’νον,
202 3602 272 3677 οῖον
299 3610 318 3689 »5
344 3604 473 3691 Λητῶι,
498 3610 517 3688 »5
543 3605 705 3704 Σαπφῶι,
731 3605 790 3676 σὺν
813 3609 863 3696 τῷ
890 3628 912 3675 1·
940 3601 1109 3674 σνσταλέν
1125 3601 1179 3674 οιῖν

85 3718 126 3792 τὸ
141 3750 161 3791 ο
176 3722 216 3798 είς
237 3719 281 3793 τὸ
299 3753 319 3792 ο
336 3724 369 3792 ἕν
388 3729 432 3818 τῇ
455 3729 599 3818 κλητική,
617 3719 802 3820 ἒξεφωνήθη
827 3718 870 3792 τῶ
892 3750 916 3805 1,
933 3719 1057 3792 τούτου
1081 3716 1180 3818 χάριν

21 3839 106 3932 ἱγαή
127 3837 254 3919 κλητικῖη
279 3835 371 3932 ἔδοξε
396 3839 533 3910 πλείονα
559 3842 728 3935 φωνήεντα
753 3839 840 3934 ἔχειν
859 3843 919 3919 τῆς
944 3835 1026 3914 ῖιῖῖας
1050 3838 1178 3914 ειῖθείας.
1190 3875 1227 3934 30

89 3951 189 4027 Οῖτος
211 3950 246 4022 δὲ
269 3953 288 4022 ὁ
311 3953 417 4046 λόγος
444 3953 499 4024 οὗκ
529 3955 604 4026 ἔστι
633 3952 952 4045 καταναγκαστικός.
1002 3953 1088 4026 Ἐὰν
1111 3953 1180 4053 γὰρ

91 4065 182 4150 θῶμεν
197 4063 243 4136 τῖι
260 4069 302 4143 είς
319 4097 340 4138 ο
357 4071 508 4161 λήγοντα
528 4066 649 4151 θηλυκὰ
667 4070 752 4165 ἔχειν
764 4065 808 4141 τὸ
826 4099 837 4139 1
856 4071 1181 4168 προσγεγραμμένον

90 4181 167 4254 κατὰ
194 4184 255 4266 τήν
284 4183 415 4266 εὖθεῖαν,
445 4186 651 4280 εὑρεθήσεται
682 4181 725 4255 τὸ
752 4215 761 4256 ι
789 4183 921 4256 τελικὸν
944 4191 1010 4256 τῶν
1039 4189 1179 4266 θηλυκῶν

92 4302 139 4371 καῖ
155 4301 187 4372 οὗ
201 4298 244 4373 τὸ
262 4330 294 4382 α,
312 4299 395 4397 ὅπερ
412 4300 505 4371 ἔστιν
522 4297 662 4370 ἄτοπον.
702 4297 758 4371 Τό
775 4299 842 4398 γὰρ
862 4331 872 4372 ι
891 4302 947 4372 οιῖκ
962 4301 1036 4370 ἔστι
1050 4298 1181 4372 τελικὸν

93 4421 152 4488 τῶν
174 4419 322 4501 θηλυκῶν,
338 4412 430 4486 ἀλλὰ
451 4420 517 4487 τῶν
534 4413 723 4512 οὐδετέρων,
735 4413 805 4487 οῖον
828 4413 872 4487 τὸ
891 4415 980 4502 με’λι,
996 4412 1040 4487 τὸ
1056 4415 1179 4498 σίνηπυ.
1189 4450 1206 4508 3
1209 4449 1225 4510 5
