2954 5024
18 343 48 408 .¹.
375 345 381 355 '
416 347 482 408 ΕΙΣ
504 349 559 409 ΤΟ
582 344 874 410 ΟΝΟΜΑΤΙΚΟΝ.
1127 357 1190 426 249

63 511 194 610 φλόξ,
212 513 315 612 Φρῦξ,
333 513 424 611 στίξ,
443 517 476 607 (ἦ
492 515 613 614 τάξις.)
653 516 702 589 Εἰ
717 520 799 601 ἦσαν
815 519 858 594 είς
876 545 917 586 02
932 514 1185 601 μονοσύλλαβα,

62 629 233 713 ὀνόματα
251 633 306 702 οῦκ
322 633 413 703 είσίν·
439 631 548 711 ἄλλως
567 663 607 705 τε
624 633 658 705 δὲ
683 636 712 705 εί
726 633 810 716 ἦσαν
826 635 869 710 είς
886 661 927 702 οι
942 629 1185 718 μονοσύλλαβα

64 746 245 832 ὀνόματα,
262 746 317 818 δύο
333 748 459 826 κανόνες
475 753 619 833 ἤμελλον
635 747 814 846 μάχεσθαι.
854 743 954 820 Καθά
971 741 1029 831 μίν
1046 743 1115 844 γάρ
1141 749 1184 823 είς

68 893 117 932 02
136 863 216 944 εἶσί,
233 860 277 934 τὰ
303 867 346 941 είς
368 893 409 935 ox
431 863 584 962 ἀρσενικὰ
607 866 625 949 ἦ
649 863 769 948 θηλυκά
796 867 838 942 είς
855 865 915 949 τὴν
932 895 972 936 ον
989 863 1184 962 δίφθογγον

67 979 198 1074 ἔχουσι
216 979 275 1061 τὴν
298 982 432 1072 γενικὴν,
449 977 679 1080 οίονὌμηρος
695 981 853 1078 Ὀμήρου,
872 981 1012 1068 Λέσβος
1030 979 1208 1068 Λέσβου,5

66 1091 201 1169 Ῥόδος
214 1093 343 1177 Ῥόδον,
360 1092 585 1195 ἠναγκάζοντο
602 1097 654 1168 καὶ
671 1103 778 1169 ταῦτα
795 1099 837 1174 είς
853 1098 915 1180 τὴν
931 1127 971 1168 ατ
989 1095 1184 1194 δίφθογγον

68 1209 246 1305 ἔχειντὴν
264 1213 398 1304 γενικήν·
423 1210 506 1284 καθδ
527 1211 562 1284 δὲ
585 1217 680 1284 πᾶσα
704 1213 958 1301 μονοσύλλαβος
983 1213 1085 1283 εῦθεΐα
1112 1214 1184 1282 ίσο·

72 1324 263 1414 συλλόβως
287 1329 455 1412 κλινομίνη
481 1330 640 1425 ἀποβολῇ
661 1337 723 1401 τοῦ
740 1359 758 1402 s
778 1331 837 1413 τὴν
854 1329 979 1423 γενικὴν
998 1337 1096 1411 ποιεῖ,
1114 1325 1184 1398 οίον

73 1443 96 1512 ὁ
118 1443 211 1539 Γρᾶς
227 1449 289 1514 τοῦ
305 1443 388 1541 Γρᾶ,
405 1445 423 1514 ὁ
442 1444 534 1522 Χνᾶς
550 1452 611 1516 τοῦ
627 1443 715 1528 Χνᾶ,
733 1447 751 1517 ό
770 1448 859 1542 Δρῆς
874 1451 936 1517 τοῦ
953 1446 1037 1542 Δρῇ,
1055 1445 1074 1514 ὁ
1093 1441 1184 1541 Τρῆς

74 1564 144 1630 ποῦ
162 1557 250 1656 Τρῇ,
270 1562 344 1648 (είσί
370 1561 404 1633 δὲ
428 1569 535 1633 ταῦτα
561 1562 709 1644 ὀνόματα
733 1562 887 1659 κύρια,)ό
910 1565 979 1638 νοῦς
1000 1566 1062 1632 τοῦ
1083 1565 1146 1643 νοῦ,
1163 1557 1232 1630 δίο

75 1678 158 1770 ῥοῦς
175 1680 238 1745 τοῦ
252 1679 321 1772 ῥοῦ,
338 1675 564 1777 ἠναγκάζοντο
589 1679 642 1749 καί
667 1684 787 1763 ταῦτα,
803 1681 843 1754 ὡς
864 1677 1105 1763 μονοσύλλαβα
1130 1676 1183 1748 καί

78 1788 318 1879 ι’σοσνλλόβως
342 1793 522 1877 κλινόμενα,
540 1795 699 1889 ἀποβολῇ
716 1799 779 1865 τοῦ
802 1823 819 1864 Σ
844 1792 903 1875 τὴν
920 1791 1045 1885 γενικὴν
1061 1791 1185 1864 ἀποτε-

78 1913 166 1992 λεῖν,
183 1906 236 1976 καί
262 1908 336 2004 ούχὶ
359 1909 402 1985 είς
426 1910 486 1992 τὴν
504 1939 544 1980 οε
561 1909 755 2007 δίφθογγον
770 1910 857 2007 ἔχειν
874 1908 982 1991 αύπῆν.
1034 1905 1110 1978 Τῶν
1126 1905 1184 1992 μὲν

82 2020 140 2093 οῦν
171 2020 225 2093 δύο
250 2025 386 2095 κανόνων
407 2027 611 2122 μαχομένων,
634 2027 687 2096 καί
709 2031 771 2098 τοῦ
793 2025 852 2111 μὲν
873 2023 941 2102 ἑνός
966 2023 1185 2102 ἀπαιτοῦντος

82 2139 128 2213 είς
143 2137 206 2219 τὴν
224 2167 263 2208 οε
286 2137 478 2236 δίφθογγον
503 2137 581 2211 εἶναι
608 2138 668 2224 τίμ
693 2142 830 2234 γενικὴν,
852 2147 915 2212 τοῦ
943 2139 979 2212 δὲ
1002 2141 1117 2239 ἑτέρου
1140 2141 1184 2225 μὴ
1198 2157 1231 2220 15

82 2250 164 2324 εἶναι
182 2255 225 2330 είς
240 2255 300 2338 τὴν
318 2285 356 2326 οτ
374 2253 568 2352 δίφθογγον
583 2257 643 2340 τὴν
660 2257 794 2351 γενικὴν,
807 2256 886 2328 ἀλλ’
900 2257 1059 2351 ἀποβολῇ
1077 2263 1138 2329 τοῦ
1156 2285 1184 2343 x,

82 2371 319 2442 ἐπιλελοίπασι
336 2369 381 2443 τὰ
399 2374 441 2449 είς
459 2403 497 2444 οε
514 2374 766 2460 μονοσύλλαβα.

137 2499 158 2528 “
176 2485 235 2578 Τῷ
252 2489 347 2579 πλόῳ
364 2495 413 2580 τιῇ
431 2492 534 2581 πλοῦ.”

138 2603 266 2674 Ἰστέον
280 2604 333 2674 ὅτι
350 2603 463 2701 ὥσπερ
480 2606 499 2675 ὁ
516 2601 627 2702 σοφὸς
641 2611 702 2677 τοῦ
718 2610 832 2702 σοφοῦ
846 2611 895 2696 τῷ
911 2611 1022 2703 σοφῷ,
1035 2605 1121 2680 ούτω
1132 2608 1185 2678 καί

87 2725 107 2792 ό
128 2719 234 2796 πλόος
249 2726 311 2791 τοῦ
332 2721 440 2792 πλόου
462 2727 511 2812 τῷ
532 2721 639 2812 πλόῳ,
656 2722 709 2791 καί
726 2718 811 2792 καπά
828 2725 944 2818 κρᾶσιν
961 2728 1023 2792 τοῦ
1045 2755 1064 2793 ο
1088 2723 1139 2794 καί
1164 2753 1234 2798 ατο

89 2836 283 2932 διφθόγγοο
312 2840 354 2914 εἰς
378 2837 438 2919 τὴν
465 2867 486 2908 α
514 2835 716 2934 δίφθογγον,
742 2841 791 2925 τῷ
820 2841 906 2926 πλιῇ,
931 2835 984 2906 καί
1009 2837 1077 2934 ἔχει
1103 2837 1146 2908 τό
1173 2867 1183 2909 ι

90 2955 325 3050 ἀνεκφόνηπον.
369 2951 474 3024 Ὅσοι
492 2950 561 3050 γάρ
581 2954 613 3023 ἕν
632 2957 676 3046 τῇ
699 2951 847 3042 σννηθείᾳ
873 2953 1070 3048 ἔκφωνοῦσιν
1092 2952 1185 3037 αύπδ,

92 3070 257 3155 πταίουσι,
275 3068 366 3139 πλωῒ
377 3069 544 3163 λέγοντες.

142 3199 162 3229 “
179 3185 250 3258 'rav
265 3185 373 3256 πλόον
388 3184 449 3258 τόν
465 3187 600 3257 πλοῦν.”

138 3303 269 3374 Ἰσπέον
295 3303 350 3374 ὅτι
379 3300 492 3400 ὥσπερ
519 3303 537 3372 ό
563 3300 674 3400 σοφός
697 3300 757 3374 τάν
780 3301 903 3400 σοφόν,
926 3303 1026 3380 ούτως
1050 3303 1144 3375 ἐστίν
1166 3306 1233 3388 ὁο5

94 3419 194 3497 πλόος
215 3418 276 3492 τόν
301 3419 418 3503 πλόον,
441 3417 493 3490 καί
519 3415 605 3490 κατὰ
630 3419 747 3515 κροῖσιν
769 3421 835 3491 τῶν
860 3417 915 3488 δύο
939 3450 981 3489 oo
1002 3421 1045 3495 είς
1069 3419 1128 3500 τὴν
1146 3449 1186 3490 οε

95 3537 282 3635 δίφθογγον
298 3540 413 3606 πλοῦν.

142 3651 216 3720 “Ὦ
233 3651 320 3721 πλόε
334 3651 362 3722 ιδ
376 3652 495 3721 πλοῦ.”

142 3767 268 3839 Ἰστέον
285 3767 338 3838 ότι
356 3764 401 3838 τά
417 3769 460 3843 είς
477 3797 516 3838 ox
541 3764 694 3863 ἀρσενικὰ
710 3763 729 3848 ἦ
748 3763 869 3849 θηλυκά
886 3768 929 3845 είς
946 3795 966 3836 α
987 3766 1100 3863 ἔχουσι
1126 3765 1187 3852 πῦμ

23 3884 251 3988 34ὴκληπικῇν,
279 3883 347 3955 οἷον
366 3881 517 3980 Ὄμηρος
539 3881 680 3979 Ὅμηρε,
707 3880 876 3980 ἄνθρωπος
903 3881 1063 3982 ἄνθρωπε,
1089 3881 1236 3981 Ἀρί-30

98 4032 241 4098 σταρχος
255 3999 479 4096 Ἀρίσταρχε,
499 3997 637 4087 Λέσβος
655 3996 784 4086 Λέσβε,
805 3997 923 4075 Ῥόδος
945 3997 1053 4082 Ῥόδε,
1070 4000 1187 4098 ἔρημος

98 4122 196 4216 ἔρημα·
229 4115 272 4188 πδ
299 4113 366 4213 γάρ
392 4115 567 4213 ὁμόφωνον
593 4111 752 4187 Ἀττικόν
781 4116 883 4187 ἐστίν.
935 4115 982 4185 Οί
1008 4113 1076 4210 γὰρ
1099 4114 1187 4186 Ἀπ·

99 4234 176 4306 ποιοί
192 4229 253 4309 τὰς
269 4230 369 4308 αῦτάς
388 4233 537 4302 εἰώθασιν
554 4229 654 4328 όρθάς
679 4241 782 4302 ποιεῖν
807 4233 860 4303 καί
885 4230 1048 4316 κλητικός·
1075 4231 1145 4303 οῖον
1167 4231 1186 4302 ό

101 4351 193 4450 φιλας
203 4348 234 4419 ’ὦ
249 4347 361 4446 φίλος,
384 4349 439 4440 [Il.
457 4345 507 4444 φ’.
528 4349 615 4440 106.]

252 4467 336 4537 ’μοι
349 4481 438 4554 φασι,
453 4481 513 4537 οωι
526 4483 567 4537 «ω
581 4481 625 4538 σο.

609 4597 628 4638 ιι
652 4575 670 4638 k
