2972 5014
404 329 472 390 Ειυ
493 329 549 390 το
572 329 865 392 ονοιιιτιιιον.
1124 327 1188 412 3⁶5

47 500 74 568 ὁ
97 497 243 594 λύχνος
259 496 311 568 καί
327 495 369 570 τὸ
386 499 518 594 λύχνον,
536 500 555 568 ὁ
574 499 724 583 θεμέλιος
740 500 792 570 καί
809 496 853 572 τὸ
871 499 1032 582 θεμέλιον.
1069 498 1189 572 Ταῦτα

50 611 144 710 γὰρ
169 614 230 684 ούκ
246 611 308 684 εἶσί
325 611 409 684 κατὰ
428 612 767 713 παρασχηματισμῦν,
785 613 893 698 ε’πειθῇ
909 614 995 687 κατὰ
1012 621 1073 686 ποῦ
1090 616 1190 688 αύτοῦ

53 730 137 800 είσῖ
159 729 220 800 καί
239 730 275 799 ού
291 728 377 800 κατὰ
395 729 510 814 ἄλλου,
528 729 641 829 ιύσπερ
658 728 702 802 τὰ
720 732 752 801 έν
766 738 1093 828 παρασχημαπισμῲ,
1104 729 1189 802 κατὰ

54 843 192 916 ἄλλον
225 841 293 944 γάρ
323 847 414 918 ἐστιν
439 849 459 917 ὁ
485 846 595 945 σοφὸς
621 845 791 944 ἅνθρωπος
819 849 872 919 καί
898 845 983 920 κατὰ
1010 846 1119 918 ἄλλον
1145 845 1189 920 τῦ

58 957 199 1058 σοφὸν
226 959 366 1032 παιθίον·
392 965 411 1032 ὁ
439 963 586 1047 θεμέλιος
612 961 646 1034 δὲ
672 965 725 1035 καί
755 962 798 1036 τί)
824 965 974 1049 θεμέλιον
998 965 1071 1036 κατ’
1090 965 1190 1036 αύτοῦ
1198 984 1215 1046 5

60 1078 170 1162 ἐστι,
188 1078 244 1148 καί
262 1078 280 1148 ὀ
298 1079 416 1174 λύχνος
432 1080 484 1150 καί
501 1077 543 1150 πό
560 1079 682 1176 λύχνον
698 1083 770 1152 κατ’
789 1082 890 1152 αύποῦ
905 1081 1007 1164 ε’στιν,
1025 1079 1135 1156 ἄλλως
1151 1111 1190 1151 πε

61 1191 107 1267 δὲ
146 1192 207 1262 καί
243 1195 384 1270 σπανίως
416 1195 555 1286 λέγεται
589 1201 698 1267 ταῦτα
733 1195 914 1293 ούθετέρως.
958 1195 1045 1269 Ἔτι
1073 1195 1108 1267 θὲ
1137 1195 1189 1266 καί

18 1339 43 1380 a
63 1306 321 1408 προσηγορικοῦ
345 1313 436 1394 εἰσιν,
454 1309 613 1381 ούθέποτε
637 1309 671 1382 δέ
697 1314 773 1382 οὔτε
795 1310 863 1384 ἆπίι
888 1313 995 1409 κυρίου
1019 1315 1096 1383 οῦτε
1120 1310 1189 1382 ἆπὸ

66 1431 337 1523 προσηγορικοῦ
370 1427 495 1519 γίνεται
538 1425 707 1525 οὐδετέρου
748 1425 1086 1526 παρασχηματισμῦς,
1121 1424 1190 1498 οἷον

69 1542 172 1619 Α’ίας
198 1541 288 1618 θύας
312 1542 461 1637 κοχλίας,
479 1541 557 1612 ἀλλ’
575 1541 643 1614 ἀπὸ
668 1545 834 1628 ἐπιθέτων,
853 1542 922 1616 οἷον
939 1542 1050 1642 σοφὸς
1067 1542 1189 1642 σοφὸν,
1203 1571 1239 1612 10

71 1659 212 1756 χαρίεις
229 1657 351 1755 χαρίεν,
369 1655 476 1735 πύλας
492 1657 612 1732 τύλαν.
665 1659 784 1732 Ταῦτα
801 1658 859 1744 μέν
876 1661 908 1730 έν
923 1661 1065 1736 τούτοις.

132 1775 268 1848 Ἰστέον
285 1774 319 1848 δὲ
344 1776 395 1847 καί
418 1783 535 1861 τοῦτο,
553 1777 607 1850 ὅτι
625 1781 692 1848 πῦν
709 1777 877 1875 οὐθέτερον
894 1779 996 1861 ὄνομα
1014 1805 1192 1874 παρασχη-

74 1889 306 1992 μαπιζόμενον
335 1892 501 1988 ἆρσενικῷ,
531 1890 586 1962 ε’ὰν
614 1891 673 1976 μέν
701 1889 934 1982 ι’σοσυλλύβως
963 1893 1122 1978 κλίνοιπο,
1146 1899 1192 1986 πῇ

77 2013 253 2103 αἰτιατικῇ
277 2015 339 2080 τοῦ
363 2009 532 2106 ἀρσενικοῦ
555 2011 732 2108 ὁμοφωνεῖ,
750 2007 819 2082 οἷον
836 2011 855 2082 ὁ
873 2007 984 2107 σοφὸς
1000 2016 1062 2082 τοῦ
1077 2013 1191 2106 σοφοῦ

78 2132 134 2215 τῷ
160 2130 262 2222 σοφῷ
285 2125 346 2197 τὸν
363 2124 475 2223 σοφῦν
491 2126 543 2196 καί
563 2124 607 2197 τῦ
629 2125 750 2224 σοφὸν,
768 2127 786 2197 ὁ
813 2127 946 2224 μέτριος
971 2132 1033 2198 τοῦ
1056 2125 1190 2222 μετρίου
1203 2147 1236 2210 15

81 2248 136 2332 τῷ
170 2242 291 2339 μετρίῳ
317 2241 378 2314 τὸν
405 2243 540 2340 μέτριον
569 2243 622 2312 καί
650 2241 694 2314 τῦ
723 2243 868 2342 μέτριον,
902 2245 923 2314 ὁ
958 2245 1096 2339 εὔγηρως
1129 2247 1191 2313 τοῦ

84 2359 213 2454 εῦγηρω
228 2363 278 2447 τῷ
293 2359 417 2454 εύγηρῳ
433 2356 495 2429 τὸν
507 2360 648 2456 εύγηρων
660 2360 712 2431 καί
729 2357 773 2432 τίν
787 2361 937 2456 εύγηρων·
956 2356 1010 2430 ε’ἆν
1023 2356 1057 2429 δέ
1074 2387 1190 2455 περιπ-

85 2470 309 2561 τοσυλλιίβιος
338 2475 485 2546 κλίνοιτο
510 2483 552 2570 τῇ
577 2482 712 2570 κλητικῇ
732 2483 794 2547 τοῦ
820 2477 989 2574 ἀρσενικοῦ
1012 2475 1189 2571 ῦμοφωυεῖ,

89 2589 160 2662 οἷον
177 2591 195 2660 ὁ
213 2591 355 2686 σώφρων
370 2594 432 2661 τοῦ
456 2592 631 2688 σώφρονος
654 2591 681 2661 ιῦ
701 2595 840 2689 σῶφρον
859 2592 912 2662 καί
936 2587 980 2663 τῦ
1006 2589 1190 2687 σῦφρον,ὁ

90 2704 195 2796 ἅρσην
223 2711 284 2776 τοῦ
309 2703 444 2802 ἄρσενος
472 2705 499 2776 ὦ
524 2703 624 2804 ἄρσεν
651 2706 704 2776 καί
736 2705 780 2778 τὸ
810 2706 922 2805 ἄρσεν,
949 2708 968 2776 ὁ
997 2705 1102 2802 παχύς
1130 2711 1240 2777 τοῦτο

91 2823 212 2920 παχέος
241 2823 267 2892 ὦ
291 2820 380 2918 ταχίν
405 2823 456 2892 καί
486 2819 529 2893 τὸ
557 2821 656 2918 παχύ,
683 2823 703 2891 ὁ
730 2823 854 2919 χαρίεις
879 2827 942 2894 τοῦ
966 2823 1137 2922 χαρίεντος
1165 2821 1193 2894 ιῦ

93 2939 204 3036 χαρίεν
229 2938 280 3010 καί
309 2936 352 3010 πὸ
378 2938 503 3036 χαρίεν,
528 2939 547 3008 ὁ
576 2937 782 3036 λιπύπατρις
811 2944 873 3010 τοῦ
895 2935 1141 3034 λιποπᾶτριθος
1165 2939 1193 3008 ιῦ

93 3053 278 3151 λιπόπαπρι
295 3053 347 3123 καί
364 3051 406 3124 τῦ
424 3053 625 3151 λιπύπατρι.
676 3053 796 3126 Ταῦτα
812 3053 870 3138 μὲν
886 3056 918 3127 έν
935 3056 1078 3133 τούτοις.

145 3171 268 3243 Ἰστέον
286 3170 319 3242 θί
336 3171 390 3242 ὅτι
407 3168 452 3241 τὰ
471 3169 623 3265 ούθέτερα
641 3171 659 3254 ’ἦ
676 3171 728 3242 καί
746 3177 788 3266 τῇ
808 3177 899 3269 φωνῇ
923 3173 975 3243 καί
1001 3178 1050 3263 τῷ
1073 3202 1193 3256 σημαι-

100 3288 209 3378 νομένῳ
226 3288 307 3359 εἰσίν
319 3286 483 3386 ούθέτερα,
500 3287 612 3384 ιῦσπερ
628 3285 670 3358 τῦ
688 3285 787 3381 ξύλον
802 3285 845 3358 τὸ
864 3286 992 3385 δένδρον
1009 3285 1051 3358 τῦ
1068 3297 1191 3384 τεῖχος,
1202 3315 1216 3356 ι
1221 3317 1238 3376 5

100 3404 172 3498 ῇτῇ
194 3402 251 3488 μέν
268 3410 359 3502 φωνῇ
376 3405 458 3476 είσίν
475 3403 627 3502 οὐδέτερα
652 3410 701 3496 τῷ
726 3401 760 3474 δέ
786 3403 1008 3492 σημαινομένου
1035 3403 1089 3471 ούκ
1109 3402 1190 3472 είσίν

104 3517 254 3618 οῦθέπερα,
280 3518 393 3618 ὥσπερ
420 3518 462 3591 τὸ
490 3518 629 3602 παιδίον,
660 3516 703 3589 τὸ
733 3515 881 3602 θηλυκὸν,
906 3515 949 3589 τὸ
974 3521 1123 3613 σῶφρον,
1146 3514 1190 3588 τὸ

105 3637 231 3728 γύναιον·
266 3643 373 3708 ταῦτα
391 3634 459 3734 γὰρ
475 3642 518 3730 τῇ
541 3641 632 3733 φωνῇ
655 3634 736 3706 εἰσίν
757 3632 920 3730 ούθέτερα,
938 3637 987 3724 τῷ
1013 3630 1047 3702 θέ
1072 3663 1192 3716 σημαι-

107 3754 210 3842 νομένῳ
240 3754 294 3823 οῦκ
322 3754 403 3824 εἰσίν
432 3753 595 3851 ούθέτερα.
647 3750 700 3823 Τὸ
727 3751 786 3835 μέν
814 3750 882 3848 γὰρ
911 3749 1041 3820 παιδίον
1066 3751 1118 3820 καί
1147 3748 1192 3822 τῦ

109 3873 230 3965 σῦφρον
255 3867 273 3950 ’ἦ
299 3866 400 3966 ἄρσεν
424 3867 443 3951 ἦ
469 3873 551 3952 θῇλυ
577 3867 681 3952 δηλοῖ,
705 3869 756 3940 καί
780 3866 823 3940 τὸ
853 3865 990 3950 θηλυκὸν
1015 3864 1049 3936 δέ
1074 3867 1126 3936 καί
1149 3863 1242 3956 τῦρο

111 3985 223 4076 γύναιον
249 3985 518 4077 ὁμολογουμένως
549 3989 631 4067 θῇλυ
660 3983 764 4066 δηλοῖ.
816 3983 945 4054 Ἰστέον
994 3980 1009 4052 ἒ
1039 3982 1094 4054 ὅτι
1128 3983 1191 4054 είσί

111 4097 284 4193 κατολύξεις
301 4102 333 4170 έν
349 4111 421 4177 τοῖς
442 4099 620 4197 οὐδετέροις
642 4101 761 4175 α’ίτινες
783 4098 845 4170 είσί
870 4109 1065 4190 μονογενεΐς,
1082 4100 1123 4174 ὡς
1146 4095 1192 4168 τὰ

113 4219 149 4292 είς
173 4247 203 4286 ιιι
234 4215 386 4314 ούθέπερα
414 4213 524 4289 πάντα
558 4223 717 4309 μονογενῇ
748 4218 839 4300 εἰσιν,
871 4216 940 4286 οἷον
968 4215 1062 4311 κρέας
1089 4223 1193 4310 γῆρας

113 4334 199 4428 κέρας,
214 4334 264 4402 καί
283 4331 327 4403 τὰ
346 4336 388 4409 είς
406 4365 444 4404 ον
462 4332 614 4430 ούθέτερα
639 4332 797 4415 ὀνόματα,
815 4331 866 4402 καί
883 4337 992 4402 ταῦτα
1010 4327 1079 4428 γὰρ
1095 4359 1193 4412 μονο-

117 4457 178 4542 γενῇ
193 4451 279 4534 εἰσιν,
298 4449 366 4522 οἷον
381 4449 424 4522 τὸ
441 4460 553 4547 τεῖχος
568 4447 611 4521 τὸ
628 4450 742 4538 βέλος·
768 4445 811 4520 τίν
829 4445 899 4546 γὰρ
914 4443 1056 4544 τάριχος
1075 4445 1126 4518 καί
1149 4442 1191 4517 τὸ
1201 4476 1240 4538 35
