2954 5020
306 333 349 401 90
595 314 1110 378 Γεονηουκοινουοεκοε
1436 313 1465 374 κ,

307 485 450 563 πτόσεις
466 486 522 556 ούκ
538 483 758 582 ἐπιδέχονται·
776 483 924 583 δαίτεραν
940 483 985 567 δὲ,
1002 486 1080 556 ούτε
1095 485 1169 556 ἔστι
1185 489 1295 556 τοῦτο
1316 485 1429 582 φύσει

309 606 352 682 εἰς
371 631 421 686 ει,
439 602 515 673 ούτε
536 599 571 672 δὲ
593 601 692 697 φύσει
716 600 933 690 δισύλλαβοι,
950 599 1019 672 ἀπὸ
1037 598 1106 698 γὰρ
1122 607 1198 678 τούς
1213 603 1258 678 εἰς
1274 629 1326 672 Ax
1348 601 1433 692 (τοῦ

310 718 405 814 είαες)
419 716 551 810 ε’γένετο
567 717 632 796 είας
647 715 733 789 κατὰ
750 719 867 813 κρᾶσιν
879 723 941 788 τού
952 747 972 788 A
985 717 1038 787 καί
1052 747 1072 788 ιε
1089 718 1133 793 εἰς
1145 745 1166 788 A
1182 713 1327 813 μακρὸν,
1343 718 1435 794 είαες

312 832 393 930 γὰρ,
405 832 457 904 καί
475 830 561 904 κατὰ
577 836 693 930 κρᾶσιν
704 839 768 904 τού
785 863 804 904 ιε
821 835 864 910 εἰς
881 862 900 904 A
918 829 1043 928 μακρόν
1055 832 1131 909 είας.
1155 829 1292 902 Ἀλλοι
1314 831 1356 903 δὲ
1375 834 1437 902 λε’·

312 978 429 1044 γονσιν
449 948 504 1020 ὅτι
528 957 551 990 “
564 948 731 1031 α’νόματο”
748 947 944 1045 πρόσκειται
969 945 1054 1044 πρὸς
1078 945 1346 1030 ἆντιδιοστολῆν
1371 957 1436 1031 τῆς
1445 979 1461 1036 5

310 1067 406 1163 χεύας
421 1071 576 1161 μετοχῆς·
595 1061 660 1134 οὐδ’
671 1063 762 1134 ούτοι
775 1061 915 1154 λέγουσι
928 1067 1042 1140 καλῶς.
1071 1061 1217 1159 Πρῶτον
1227 1060 1299 1146 μέν,
1313 1069 1436 1135 τοῦτο

312 1180 368 1252 ούκ
390 1180 464 1252 ἔστι
486 1179 586 1278 φύσει
606 1175 759 1276 καθαρὸν,
777 1176 898 1273 χεύσας
915 1175 983 1275 γὰρ
1000 1178 1037 1260 ἦν
1053 1176 1167 1275 ιδσπερ
1184 1177 1350 1265 πλεύσας,
1376 1180 1435 1249 καί

311 1293 398 1368 κατὰ
424 1293 601 1383 ἇτοβολίμ
625 1298 687 1365 τού
713 1319 732 1362 ι
757 1291 878 1385 γέγονε
903 1293 1008 1388 χεύας·
1036 1291 1186 1389 δεύτερον
1210 1289 1254 1376 δί,
1283 1293 1347 1365 ὅτι
1375 1293 1434 1364 καί

313 1409 395 1483 αύτίι
413 1408 465 1482 διὰ
488 1414 551 1482 τού
573 1437 616 1480 υτ
635 1407 780 1478 κλίνει-αι
797 1407 915 1491 ὁμοίως
930 1417 1002 1486 τοῖς
1017 1408 1259 1505 προειρημένοις
1276 1409 1431 1493 ὀνόμασι

314 1525 367 1600 διὰ
396 1531 459 1597 τοῦ
489 1553 532 1596 υτ
560 1522 769 1606 κλινομένοις,
798 1518 868 1594 οίον
901 1523 996 1618 χεύας
1029 1523 1195 1620 χεύοντος,
1225 1521 1316 1594 διατί
1355 1522 1465 1620 εἶχεν

314 1644 507 1740 προσθεῖναι
525 1636 609 1736 πρὸς
625 1635 882 1721 ἆντιδιαστολίςυ
898 1639 1030 1726 τούτου,
1048 1637 1102 1710 ότι
1122 1637 1175 1709 καί
1198 1635 1281 1710 αύτό
1302 1639 1432 1722 ὁμοίως

314 1767 386 1834 τοῖς
402 1754 623 1853 προκειμένοις
640 1752 779 1837 ὀνόμασι
797 1750 849 1824 διὰ
865 1759 927 1825 τού
944 1783 986 1826 ιιι·
1001 1754 1157 1826 κλίνεται·
1177 1751 1222 1825 τὰ
1240 1750 1313 1850 γὰρ
1330 1754 1431 1826 εἰντι·

315 1870 579 1954 διαστελλόμενα
602 1870 665 1966 ούχ
681 1869 790 1952 ὅμοια·
814 1867 902 1939 ι’ύστε
919 1866 983 1951 ούυ,
1000 1870 1041 1946 ὡς
1059 1869 1197 1965 είρητοι,
1215 1880 1236 1910 “
1249 1868 1430 1952 δνόματα”

315 1987 514 2084 πρόσκειται
539 1985 576 2056 ού
601 1981 685 2082 πρὸς
709 1980 965 2067 ἆντιδιοστολῆν
985 1982 1099 2080 ἑτέρου
1122 1981 1221 2066 τινδς,
1239 1983 1318 2054 ἁλλ’
1337 1982 1428 2055 αύτδ

315 2099 359 2174 τό
382 2101 430 2173 ὅν.
482 2111 502 2142 “
516 2098 741 2186 Δισύλλαβα”
759 2095 793 2168 δὲ
814 2097 1009 2194 πρόσκειται
1028 2095 1080 2168 διὰ
1101 2095 1146 2169 τὰ
1165 2096 1246 2194 ὑπὲρ
1265 2095 1321 2169 δύο
1338 2107 1465 2192 enh-15

315 2215 438 2307 λαβὰς,
455 2211 524 2288 οίον
541 2212 593 2286 διὰ
611 2212 654 2285 τδ
674 2212 813 2310 κοχλίας
828 2212 977 2310 κοχλίου,
994 2211 1125 2289 Αἰνείας
1141 2210 1283 2284 Αἰνείου·
1310 2221 1425 2286 ταῦτα

315 2331 384 2431 γὰρ
402 2334 444 2408 εἰς
460 2332 520 2414 τίιν
539 2359 578 2402 οε
594 2328 788 2427 δίφθογγον
808 2329 922 2425 έχουσι
944 2327 1005 2410 τίμ
1027 2327 1162 2420 γενικὴν,
1179 2328 1257 2398 ἀλλ’
1276 2331 1334 2400 ούκ
1357 2331 1426 2401 εἰσί

316 2445 518 2534 δισύλλαβα,
536 2444 612 2514 ἁλλ’
630 2442 711 2540 ὑπὲρ
729 2441 785 2514 δύο
802 2440 988 2532 συλλαβάς.
1034 2443 1211 2540 Βαρύτονα
1228 2441 1263 2514 δὲ
1278 2445 1425 2538 λέγεται

221 2597 263 2682 ⁶9
278 2595 300 2659 b
316 2555 427 2630 πάντα
443 2553 488 2628 τό
509 2555 718 2654 παροξύτονο
735 2559 788 2630 καί
805 2555 1085 2657 προπαροξίσουα
1107 2559 1160 2629 καί
1183 2561 1427 2658 προπερισπύ-

314 2705 405 2760 μευα,
429 2670 481 2745 διδ
506 2671 550 2744 τὸ
575 2672 662 2769 ἔχειν
686 2671 719 2744 έν
741 2678 784 2767 τῇ
807 2674 981 2766 τελευταίᾳ
1005 2675 1162 2768 συλλαβῇ
1184 2675 1332 2771 βαρεῖαν,
1353 2671 1464 2746 οίονιε

316 2788 429 2889 φίλδς,
446 2785 625 2885 ἅνθρωπός,
643 2785 752 2871 δῆμός·
776 2788 894 2886 έχομεν
917 2785 985 2886 γὰρ
1009 2789 1159 2886 ἀνωτέρω
1184 2789 1239 2861 ότι
1263 2793 1298 2862 οἰ
1318 2791 1425 2888 κύριοι

314 2907 408 2979 τόνοι
431 2913 489 2988 τῆς
511 2901 628 2997 λέξεως
652 2902 707 2975 δύο
730 2904 811 2976 εἰσίυ
835 2908 853 2986 ἦ
876 2902 966 2998 ὀξεῖα
989 2905 1041 2974 καί
1068 2907 1087 2988 ἦ
1110 2906 1352 3002 περισπωμένη,
1370 2906 1424 2977 καί

316 3022 372 3092 δτι
393 3023 489 3091 πᾶσα
509 3017 597 3112 λέξις
614 3018 632 3101 ἢ
649 3019 726 3101 μίαν
743 3015 850 3112 ὀξεῖαν
867 3017 997 3115 δέχεται
1022 3019 1040 3102 ίι
1062 3021 1140 3101 μίαν
1164 3021 1424 3118 περισπωμένην,

318 3135 352 3227 (ἦ
369 3133 438 3233 γὰρ
455 3136 575 3232 βαρεῖα
593 3133 797 3220 σνλλαβικδς
817 3133 914 3211 τόνος
936 3137 1036 3228 ἐστι,)
1060 3135 1113 3206 καί
1139 3135 1193 3206 ότι
1219 3140 1315 3208 πᾶσα
1340 3145 1425 3208 συλ-

316 3251 420 3339 λαβὴ,
438 3249 538 3348 χωρίς
554 3256 612 3332 τῆς
630 3252 802 3337 συλλαβῆς
818 3258 877 3333 τῆς
893 3251 1030 3346 ε’χούσης
1046 3249 1107 3322 τόν
1126 3253 1233 3348 κύριον
1248 3253 1348 3324 τόνον
1365 3261 1425 3336 τῆς
1435 3279 1463 3342 25

318 3363 444 3462 λέξεως,
461 3367 599 3462 βαρεῖαν
616 3362 759 3460 δέχεται.
809 3363 956 3442 Εἰκότως
977 3361 1031 3435 ούν
1047 3363 1092 3436 τό
1108 3365 1207 3452 Afas,
1223 3367 1302 3463 ἔχον
1319 3369 1364 3444 εἰς
1381 3365 1423 3438 τδ

321 3513 353 3555 ιιι
374 3484 434 3567 τὴν
451 3479 569 3576 ὀξεῖαν,
592 3487 741 3551 καλεῖται
767 3477 1003 3575 ταροξύτονον.
1048 3479 1164 3578 Ἐχον
1187 3481 1221 3554 δὲ
1245 3485 1288 3562 εἰς
1312 3480 1357 3554 τό
1383 3511 1423 3553 Ax

318 3599 378 3682 τὴν
403 3600 550 3696 βαρεῖαν,
576 3596 752 3668 τουτέστιν
778 3598 820 3672 εἰς
844 3594 887 3668 τὸ
916 3597 1024 3680 τέλος,
1049 3605 1199 3670 καλεῖται
1225 3599 1422 3696 βαρύτονον·

319 3713 338 3780 ὁ
363 3709 397 3782 δὲ
419 3711 524 3804 λόγος
548 3712 622 3808 περί
645 3717 711 3782 τῶν
727 3710 857 3793 ὁμοίων.
910 3723 930 3752 “
944 3710 1141 3808 Βαρύτονα”
1158 3711 1192 3783 δὲ
1214 3714 1423 3810 πρόσκειται,

320 3827 358 3896 ου’
377 3823 461 3920 πρὸς
484 3823 739 3907 ἆντιδιαστολίιν
755 3831 817 3896 τού
837 3824 932 3923 τριὰς
952 3827 1004 3898 καί
1021 3824 1099 3910 Ἰὰς,
1116 3825 1157 3906 είς
1173 3859 1256 3908 τινες
1272 3829 1423 3923 λέγουσι,
1432 3865 1461 3924 30

320 3941 396 4039 περί
420 3938 488 4038 γὰρ
511 3947 576 4013 τῶν
596 3943 638 4018 εἰς
656 3971 696 4012 Ax
713 3941 886 4038 ἆρσενικῶν
909 3943 1001 4014 έστίν
1024 3944 1043 4014 ὁ
1068 3943 1175 4037 λόγος
1199 3949 1247 4036 τῷ
1272 3953 1424 4042 τεχνικῷ,

319 4063 427 4130 ταῦτα
445 4055 478 4128 δὲ
496 4053 617 4139 θηλυκά
635 4059 710 4128 εἰσι.
749 4056 819 4128 Καί
836 4055 939 4129 πόλιν
955 4060 1029 4155 περί
1047 4063 1113 4131 τῶν
1129 4062 1173 4138 είς
1191 4089 1231 4132 ιε
1246 4065 1314 4132 τῶν
1329 4061 1425 4158 ε’·χόν-

320 4203 385 4244 των
413 4169 457 4242 τό
489 4199 508 4241 A
540 4171 752 4256 ἐκτεταμένον
781 4173 940 4260 βούλεται
974 4171 1219 4262 διαλαμβάνειν,
1252 4183 1360 4248 ταῦτα
1390 4175 1422 4249 δί

321 4286 582 4370 συνεσταλμένον
615 4287 730 4383 έχουσι
761 4285 805 4358 τδ
835 4317 867 4359 A.
917 4287 1059 4384 Ἐπειδὴ
1088 4287 1143 4360 ε’όν
1171 4321 1223 4368 τις
1253 4293 1338 4388 λέγῃ
1368 4293 1419 4365 ὅτι

322 4415 342 4445 “
360 4403 548 4502 βαρύτονο”
573 4403 768 4498 πρόσκειται
795 4404 827 4472 ἰν
852 4411 900 4494 τῷ
924 4405 1030 4476 κανόνι
1057 4403 1141 4502 πρός
1165 4405 1460 4498 ιἰνπιδιασταλίινςς
