2954 5024
279 293 343 346 ιοι
571 279 1093 367 τεονιταιτοινοοοεκοτ
1418 285 1459 346 ιι

282 449 451 548 Μετοχῦν
466 447 536 543 μὲν,
554 446 635 538 οίον,
652 451 805 550 τετνφῦς
828 453 1033 550 τετυφάτος,
1050 453 1235 540 τετοιιςκῦς
1250 485 1415 540 πεποιή-

283 567 392 643 κάτος·
417 570 601 662 μετοχικῶν
626 563 672 649 δὲ,
689 566 771 654 οίον,
787 567 962 650 ῦτοὰεῦιῦς
983 569 1211 654 ῦτοῦεδιῦτος,
1238 570 1348 660 (ἔστι
1380 571 1417 644 ὰέ

284 681 367 760 εἶδος
377 681 487 778 ὰρνέου
501 684 1417 784 [Αήεῒορίι.Αυ.65.],)Ἀβρῦς(Ἀραριῦς)Ἀβρῶτος,

286 799 374 891 (ἔστι
392 795 426 868 δὲ
440 781 543 882 ὄνομα
560 805 623 870 τοῦ
638 801 706 870 υἱοῦ
717 807 780 872 τοῦ
793 799 1098 900 Ἀριστοφάνους.)
1125 802 1245 874 Ταῦτα
1261 801 1305 876 δὲ
1324 804 1417 888 ἐστ

284 913 502 1000 μειωσάμεθα,
513 915 567 988 ὅτι
581 913 634 988 διὰ
646 920 792 1012 καθαροῦ
808 923 871 988 τοῦ
887 947 949 990 ’τοι
971 918 1130 990 κλιθέντα
1147 919 1202 988 οῦκ
1218 915 1417 1014 ι’φιίλιιξαι
1425 948 1442 1004 5

284 1031 345 1104 τὸν
361 1031 483 1131 χρόνον
498 1039 558 1114 τῆς
574 1033 693 1110 εὐθείας
710 1033 743 1102 ίν
758 1037 802 1128 τῇ
827 1039 949 1128 γενικῇ,
965 1031 1059 1106 ἀλλὰ
1078 1033 1296 1124 συνέστειλαν
1312 1033 1369 1106 τὰ
1389 1066 1415 1108 α

285 1151 328 1228 είς
341 1179 372 1222 ο.
399 1147 536 1222 Τοίττιον
549 1148 649 1228 οῦτας
661 1148 817 1248 ἐχόντων,
830 1150 924 1224 ἔστιν
937 1148 981 1230 εἷς
994 1147 1047 1222 &a
1064 1157 1125 1232 τῆς
1142 1179 1175 1222 ιιι
1195 1147 1417 1246 ῦιφθόγγαα

183 1295 219 1340 11
222 1267 304 1362 5ίιή
321 1267 435 1338 εῦθεῑα.
486 1264 536 1336 Εί
558 1265 691 1358 ἐγένετο
717 1267 736 1348 ή
766 1265 875 1358 γενική
901 1260 954 1336 διὰ
979 1267 1127 1362 καθαροῦ
1147 1269 1210 1342 τοῦ
1231 1293 1310 1352 Tot,
1328 1263 1415 1338 οἷον

285 1381 329 1460 είς
353 1379 439 1466 ἔτὰς,
459 1381 515 1452 οῦκ
540 1381 713 1480 ἕφιίλαττε
737 1377 798 1452 τὰν
821 1380 943 1480 χρόνον
960 1389 1019 1465 τῆς
1041 1381 1173 1464 εῦθείας,
1191 1381 1274 1478 ὅπερ
1302 1381 1412 1454 ἐστὶν

285 1494 427 1568 άτοτον.
479 1495 612 1568 Τοῦτον
631 1493 730 1594 χάριν
755 1493 798 1568 τὰ
822 1527 842 1570 τ
871 1496 1038 1585 ἀπέβαλε,
1061 1499 1115 1570 καί
1139 1499 1177 1570 οῦ
1205 1495 1249 1570 τὰ
1277 1528 1317 1580 τι,
1344 1499 1409 1570 καί
1422 1532 1458 1570 ιο

286 1612 418 1708 ε’γάνετο,
435 1611 478 1690 είς
494 1609 572 1698 ἔνὰς,
589 1612 703 1712 ὥσπερ
719 1613 805 1690 κτεὶς
821 1611 945 1690 κτενάς.

336 1728 524 1826 Ἀποροῦσι
542 1727 577 1801 ὰά
592 1731 687 1810 τινες,
704 1729 872 1821 λέγοντες,
890 1731 920 1798 εί
938 1726 1016 1826 ἄρα,
1033 1731 1073 1806 ὧς
1086 1727 1237 1826 ἆνιιτίρει
1252 1729 1406 1829 εἴρηται,

285 1841 330 1915 τὰ
348 1847 391 1922 είς
408 1875 461 1916 mx
478 1842 642 1942 άρσενικὰ,
654 1845 699 1928 μή
716 1845 798 1915 ὄντα
813 1844 917 1940 κύρια,
930 1850 1082 1916 ποιοῦσιν
1094 1843 1266 1941 οὐδετέρου
1281 1877 1407 1943 ταρα-

285 1959 534 2056 σχήματισμὰν,
555 1957 624 2030 οίον
649 1959 774 2058 χαρίεις
798 1959 972 2056 χαρίεντος
997 1960 1123 2058 χαρίεν,
1146 1964 1269 2042 τιμήεις
1293 1965 1405 2042 τιμή-

287 2105 378 2157 εντος
393 2082 517 2162 τιμῆεν,
533 2071 645 2152 είςΗ
598 2106 665 2152 ενος
681 2105 728 2158 εν,
745 2072 807 2151 θεις
825 2073 920 2158 δενὰς,
937 2073 977 2174 ἕξ
995 2077 1033 2148 οῦ
1047 2107 1093 2148 το
1078 2073 1197 2148 οῦδὲν
1213 2107 1264 2148 και
1254 2077 1403 2160 μηθὲν,
1419 2109 1451 2167 ¹5

287 2195 355 2268 τῦς
368 2188 411 2262 τὰ
427 2222 512 2268 κτεις
529 2192 584 2262 οῦκ
599 2191 668 2288 ἔχει
686 2187 856 2338 οῦῦετίρου
872 2191 1213 2333 ταρασχηματισμὰν,
1231 2189 1372 2262 οῦδὲ
1325 2221 1403 2332 γαρ

286 2307 432 2448 λίγρμεν
457 2305 501 2378 τὰ
531 2338 606 2378 κτεν
630 2305 743 2404 ιῦστερ
769 2305 815 2390 τὰ,
834 2309 879 2388 ἔν
904 2305 948 2384 τὰ
975 2305 1044 2405 γὰρ
1068 2307 1194 2380 κτίνιον
1217 2307 1403 2402 μονογενὲς

287 2422 390 2506 ἐστίν,
407 2420 555 2504 ε’τειθή’
539 2417 607 2515 ατὰ
632 2426 694 2492 τοῦ
718 2452 804 2502 κτεις
829 2454 856 2494 ει
849 2423 920 2505 ’ἢν
938 2420 1024 2496 κατὰ
1045 2421 1401 2521 παρασχηματισμὰν,

287 2536 362 2609 κτὲν
378 2537 520 2634 ὤφειλεν
537 2505 626 2618 εἶναι,
644 2535 757 2634 ὥσπερ
780 2535 824 2616 είς
844 2539 890 2612 ἕν.
943 2537 1013 2608 Καί
1030 2539 1124 2611 ἔστιν
1140 2541 1251 2620 εἰπεῖν,
1268 2538 1326 2610 ὅτι
1340 2537 1401 2610 διὰ

287 2659 393 2725 τοῦτο
408 2649 451 2723 τὰ
466 2653 552 2734 κτεὶς
569 2652 624 2722 οῦκ
639 2653 708 2750 ἔχει
732 2651 901 2750 οὐδετέρου
923 2653 1266 2752 παρασχηματισμὰν,
1281 2652 1401 2738 ἐπειδή
1412 2691 1449 2730 ιο

288 2766 535 2868 προσηγορικὸν
551 2767 654 2852 ἐστὶν,
672 2767 830 2842 οὐδέποτε
852 2767 887 2839 δὲ
910 2770 987 2842 οῦτε
1003 2767 1048 2842 τὰ
1065 2766 1297 2867 προσηγορικὰ
1316 2771 1402 2844 οίττε

287 2881 333 2958 τὰ
349 2887 440 2984 κύρια
458 2891 607 2955 ποιοῦσιν
628 2882 797 2984 οῦὰετίρου
820 2881 1162 2981 ταρασχηματισμὰν,
1180 2884 1250 2958 οἷον
1266 2885 1398 2971 αι’θόμς,

288 3001 438 3098 κοχλίας,
466 2998 509 3070 τὰ
538 2998 607 3098 γὰρ
637 3000 761 3097 χαρίεις
787 3001 911 3098 χαρίεν,
937 3003 1062 3084 τιμήεις
1089 3007 1215 3085 τιμῆεν,
1242 3001 1299 3072 οῦκ
1328 3001 1397 3072 εἰσί

288 3112 530 3214 τροσηγορικὰ,
548 3115 623 3185 ἁλλ’
643 3116 791 3188 ε’τίθετα.
843 3115 962 3210 Ταῦτα
978 3115 1036 3198 μὲν
1053 3117 1240 3193 ἔντοίττοις.

339 3232 403 3302 Δεῖ
416 3234 609 3326 προσθεῖναι
634 3231 667 3300 ε’ν
683 3236 731 3322 τῷ
749 3228 855 3302 κανόνι
872 3237 934 3305 τοῦ
949 3238 1101 3332 τεχνικοῦ
1118 3244 1138 3273 “
1151 3234 1396 3305 κοινονλεκτοῦ-
1408 3265 1422 3304 2
1425 3261 1441 3322 5

287 3349 396 3434 μενσ,”
424 3349 476 3419 ίνσ
505 3348 617 3445 εὑρεθῇ
649 3348 668 3418 ὁ
701 3345 802 3418 κσνὰν
836 3345 948 3424 οίίτιος·
987 3346 1033 3422 τὰ
1060 3351 1103 3426 εἷς
1129 3377 1184 3420 m
1207 3345 1290 3444 ὑπὲρ
1313 3349 1394 3432 μίαν

289 3465 464 3556 συλλαβήν
479 3462 764 3545 κοινολεκτοιίμενα
782 3459 834 3533 διὰ
850 3467 912 3534 τοῦ
929 3491 971 3534 τις
987 3463 1164 3538 κλίνονται.
1215 3461 1332 3536 Τοῦτο
1358 3461 1394 3535 δὲ

290 3612 426 3680 ειρηται,
448 3579 612 3663 ἐπειδή
579 3609 608 3649 οι
639 3574 855 3648 Βοιωτοί
815 3608 860 3650 τα
888 3579 931 3654 είς
957 3607 1001 3652 112
1025 3582 1213 3671 λήγοντα
1204 3575 1257 3650 ῦιὰ
1281 3585 1346 3652 τοῦ
1368 3609 1391 3650 ιε

289 3693 609 3794 τεριττοσυλλάβιις
621 3693 844 3778 κλινόμενα,”
814 3723 881 3765 ειτε
889 3692 1059 3790 βαρίτονα
1069 3692 1190 3764 ιῦσιν”
1160 3723 1227 3767 ειτε
1239 3691 1390 3788 ἆξίττονα,

290 3816 526 3894 μεταποιοῦσιν
551 3811 594 3888 είς
615 3811 675 3894 τήν
701 3839 734 3879 ει
763 3806 968 3905 δίφθογγον,
997 3809 1050 3879 καί
1085 3805 1300 3950 φυλάττουσι
1330 3809 1438 3910 τήν3ο

291 3927 389 4010 αῦτήν
421 3927 542 4012 κλίσιν,
573 3925 642 4008 οίον
674 3925 776 4013 λέβης
801 3925 946 4012 λέβητος
976 3923 1165 4010 λίβεις,’
1121 3955 1216 4006 τενής
1251 3924 1390 4008 τίνιιτος

290 4041 403 4125 τίνεις,
427 4041 553 4140 ἀφανής
583 4043 727 4140 ἀφανοῦς
757 4039 902 4138 ὰφανείς,
926 4040 1051 4133 εῦγενής
1077 4039 1222 4132 εῦγενοῦς
1244 4041 1387 4134 εῦγενείς.

288 4157 377 4230 Ἰδοὺ
401 4157 526 4231 τοῦτον
547 4153 678 4228 πάντων
701 4157 735 4228 οί
759 4154 905 4228 Βοιωτοί
931 4157 991 4240 τήν
1007 4156 1199 4228 τελευταίαν
1215 4157 1389 4248 συλλαβήν

293 4273 344 4348 διὰ
369 4283 427 4360 τῆς
454 4304 487 4346 ει
513 4272 707 4372 ὰιφθάγγου
732 4277 875 4356 ποιοῦσι,
897 4272 950 4346 καί
976 4268 1189 4369 φυλάττουσι
1214 4269 1275 4352 τήν
1291 4271 1388 4354 αι’ττήν

292 4391 410 4464 κλίσιν.
461 4387 647 4486 Ἀτοροῦσι
669 4387 705 4460 δέ
730 4417 824 4470 τινες,
847 4387 1014 4481 λέγοντες,
1042 4387 1072 4461 εί
1098 4383 1163 4484 ι’ίρα
1193 4380 1239 4458 τὰ
1265 4385 1309 4462 είς
1337 4414 1386 4458 ιιι
1394 4415 1429 4474 35
