2954 5020
14 345 95 430 με.
422 351 489 412 ειν
511 351 567 412 το
589 350 880 412 ουουικτικον.
1155 363 1197 434 53

150 517 208 591 Τά
234 521 276 597 εἰς
295 549 359 592 mx
380 517 543 618 ἀρσενικὰ,
561 519 606 604 μίς
623 520 703 592 ὄντα
721 520 860 592 σόνθετα
884 517 976 616 ταρίι
992 517 1036 592 τό
1052 524 1162 617 κρατῦ
1178 519 1197 605 θ

101 633 234 729 κρότος,
256 636 300 718 μη
320 636 444 732 ἔχοντα
465 635 632 734 οἰόθι-ερον
657 640 701 714 εἰς
723 667 774 719 ιιι,
795 638 837 713 εἰς
860 636 921 719 τίιν
945 666 985 708 οε
1004 633 1198 734 δίφθογγον

99 753 213 847 ἔχουσι
229 751 290 834 τὴν
306 753 442 845 γενικὴν,
455 752 553 851 χωρίς
568 759 629 824 τοῦ
646 749 784 850 Κράτης
797 749 988 850 Κράτητος.
1011 751 1199 826 Ἔστωσαν

99 867 132 938 δὲ
153 867 414 964 παραδείγματα
437 875 500 941 τοῦ
524 868 655 946 κανόνος
675 875 793 941 ταῦτα·
821 869 916 952 θότης
941 869 1050 951 θότου,
1073 869 1199 953 πλάτης

98 986 238 1068 τλίκτου,
268 983 365 1069 δότης
400 983 508 1068 δότου,
542 981 670 1082 χάρτης
703 983 841 1083 χάρτου,
872 981 1013 1079 ψάλτης
1042 983 1197 1078 ψάλτου,
1208 1013 1225 1075 5

99 1102 235 1185 κτίστης
259 1103 408 1186 κτίστου,
433 1101 583 1184 ε’τιθίτης
606 1101 769 1183 ἕτιθίτου,
787 1099 974 1198 Εὐφράτης
998 1100 1198 1201 Εὐφράτου,

99 1219 269 1316 εόεργότης
293 1218 473 1317 εἰεργίτον,
500 1217 683 1314 Μεμφίτης
708 1215 905 1314 Μεμφίτου,
931 1219 1072 1303 τολίτης
1098 1219 1197 1290 τολί·

99 1364 167 1416 του,
190 1334 442 1418 Ἀσκαλωνίτης
464 1331 721 1416 Ἀσκαλωνίτου,
739 1335 897 1416 στυλίτης
919 1334 1089 1417 στυλίτου,
1113 1363 1197 1430 τρα-

100 1448 234 1550 πεζίτης
260 1447 473 1548 τραπεζίτου,
500 1450 623 1533 οἰκέτης
648 1450 784 1531 οἰκέτου,
801 1451 938 1535 τοιητίης
961 1457 1111 1535 τοιητοΰ,
1136 1450 1199 1522 ἰκί-

100 1597 154 1650 της
187 1567 307 1649 ἱκέτου,
340 1563 508 1648 δανειστὴς
545 1563 724 1648 δανειστοῦ,
758 1565 955 1666 φαιδρόντης
989 1565 1197 1666 φαιδριίιτου,
1211 1596 1247 1636 10

100 1682 271 1780 χρυσωτῆς
287 1686 470 1778 χρυσωτοῦ.
521 1679 727 1778 Πρόσκειται
747 1683 781 1754 ἐν
796 1689 844 1774 τῷ
861 1683 968 1755 κανόνι
987 1694 1007 1725 “
1017 1680 1200 1780 άρσενικίι,”

99 1796 149 1869 διά
165 1795 213 1870 τά
232 1794 367 1881 θηλυκά,
384 1793 453 1868 οἰον
465 1797 610 1895 φιλότης
629 1798 827 1895 φιλότητος,
844 1798 983 1881 ποιότης
1007 1798 1198 1881 ποιότητος,

99 1915 149 1985 καί
161 1912 209 1986 τά
224 1914 335 1998 ὅμοια.
363 1912 569 2011 Πρόσκειται
582 1926 603 1958 “
613 1915 755 1988 σύνθετα
767 1911 859 2013 παρά
871 1912 914 1987 τό
926 1921 1037 2013 κρατῶ
1048 1914 1200 2014 κρότος,”

100 2028 219 2102 διὰτὸ
245 2029 423 2128 Σωκράτης
448 2028 652 2126 Σωκράτους,
668 2030 721 2102 καί
745 2029 1014 2130 Ἀριστοκράτης
1036 2032 1200 2130 Ἀριστο-

100 2145 247 2244 κρότους,
274 2146 326 2216 καί
349 2145 490 2242 άκρατίης
514 2147 683 2242 άκρατοῡς·
708 2152 818 2218 ταῦτα
844 2149 886 2223 εἰς
916 2175 976 2218 οτι
999 2148 1112 2244 ἔχουσι
1140 2149 1223 2232 τίςνι
1230 2173 1247 2237 5

102 2267 234 2357 γενικὴν,
252 2264 329 2335 ἁλλ’
348 2264 402 2333 οὗκ
420 2263 550 2359 ἔχουσιν
567 2261 736 2362 οἰδέτερον
752 2265 795 2340 εἰς
821 2291 872 2345 κν,
890 2259 959 2336 οἷον
974 2261 1018 2336 τό
1035 2264 1201 2362 τροτιτίς

101 2382 150 2454 καί
165 2380 213 2454 τά
230 2380 362 2456 τούτοις
378 2377 488 2462 ὅμοια.

149 2497 206 2570 Τὰ
230 2495 285 2569 διὰ
308 2500 372 2568 τοῦ
396 2523 486 2566 orma
509 2493 561 2566 καί
583 2491 628 2565 τά
649 2491 702 2566 διὰ
726 2499 789 2566 τοῦ
811 2525 898 2568 om
919 2496 972 2568 καί
994 2493 1039 2568 τά
1061 2493 1114 2568 διὰ
1138 2503 1200 2570 τοῦ

105 2641 180 2686 αισι
196 2615 252 2686 καί
269 2610 314 2683 τὰ
332 2609 384 2683 διὰ
400 2616 462 2683 τοῦ
479 2639 570 2682 nunt
587 2613 630 2688 εἰς
645 2612 706 2694 τὴν
723 2641 761 2683 or
786 2610 980 2710 δίφθογγον
1001 2615 1114 2710 ἔχουσι
1140 2616 1200 2699 τίςυ

105 2731 236 2822 γενικὴν,
271 2727 437 2825 Μηριόνης
470 2725 649 2824 Μηριόνου,
679 2727 864 2825 Κεβριόνης
890 2729 1087 2826 Κεβριόναο,
1120 2732 1199 2824 (εἰσί
1211 2765 1249 2805 οο

104 2843 136 2916 δί
161 2852 273 2919 ταῦτα
304 2845 452 2928 ὀνόματα
484 2843 602 2943 κιίρια,)
639 2843 669 2913 Γ
670 2843 808 2927 ενειόλης
845 2843 1027 2931 Γενειόλου,
1056 2842 1201 2946 Ὀζόλης

102 2957 258 3060 Ὀζόλου,
275 2961 378 3053 (ἔθνος
395 2957 429 3032 δί
446 2963 479 3031 οἰ
494 2957 663 3060 Ὀζόλαι,)
681 2961 854 3060 Σμικρίνης
871 2962 1057 3060 Σμικρίνου,
1074 2963 1201 3062 Αἰσχί-

103 3105 150 3159 νης
166 3077 342 3174 Αἰσχίνου,
365 3074 528 3171 (ὀνόματα
549 3075 711 3149 δὲταῦτα
736 3078 855 3176 κάρυκα)
880 3078 1021 3177 Κερκίνης
1045 3080 1199 3178 Κεριίνου,

103 3189 219 3280 (ὄνομα
246 3191 281 3265 δί
306 3199 409 3265 τοῦτο
433 3194 565 3291 κιίριον,)
591 3193 756 3278 Συμειόνης
781 3195 957 3280 Συμεάνου,
983 3200 1122 3282 τελώνης
1146 3230 1201 3270 τε-

103 3311 212 3381 λόνου.
1211 3337 1246 3396 ς5

150 3424 208 3497 Τά
224 3428 268 3503 εἰς
285 3455 328 3496 nx
344 3425 425 3524 ότίρ
442 3423 496 3499 διίο
513 3423 689 3514 συλλαβάς
708 3427 877 3525 βαρίσονα
899 3429 1023 3525 ἔχοντα
1048 3428 1116 3526 τρὸ
1138 3437 1201 3504 τοῦ

107 3540 199 3614 ινδιίο
214 3540 261 3615 τά
278 3541 361 3614 οὖτά
378 3542 578 3632 άμετάβολα
595 3546 638 3621 εἰς
653 3543 713 3628 τὴν
730 3574 771 3615 οτ
792 3541 985 3641 δίφθογγον
1001 3546 1115 3642 ἔχουσι
1140 3546 1200 3630 τὴν

106 3659 236 3750 γενικὴν,
255 3655 324 3730 οἰον
341 3655 485 3742 Ἰωάννης
508 3656 666 3742 Ἰωάννου,
685 3656 845 3756 Ὀρθάνης
862 3657 1036 3757 Ὀρθάνου,
1054 3660 1201 3750 Κοβάλ-

105 3782 159 3858 λης
178 3773 382 3864 Κοβάλλου.
425 3775 632 3874 Πρόσκειται
658 3774 771 3874 “ὑτίρ
793 3774 848 3847 διίο
872 3776 1065 3867 συλλαβάς”
1082 3777 1134 3852 διὰ
1157 3777 1200 3852 τό

106 3889 244 3976 Πόλλης
265 3891 457 3975 Πόλλητος·
487 3897 591 3964 τοῦτο
615 3888 683 3990 γάρ
709 3889 761 3962 διὰ
783 3899 845 3964 τοῦ
867 3923 927 3964 του
950 3895 1104 3978 κλίνεται,
1122 3898 1249 3978 ἀλλ’ςο

33 4033 65 4099 53
76 4018 94 4084 b
106 4009 157 4078 οἰκ
172 4011 266 4080 ἔστιν
282 4007 361 4106 ὑπὲρ
379 4007 433 4080 δόο
450 4005 625 4096 συλλαβάς
641 4005 732 4078 άλλθι
749 4006 966 4096 δισυλλαβον.
994 4009 1200 4110 Πρόσκειται

108 4133 127 4164 “
138 4126 323 4224 βαρότονα”
337 4122 389 4196 διά
403 4122 448 4197 τό
464 4125 583 4207 άελλῆς
597 4125 743 4202 ιἰελλοῦς·
764 4124 924 4216 (σημαίνει
938 4124 972 4197 δὲ
988 4125 1048 4198 τόν
1061 4159 1202 4227 συστρε-

107 4239 194 4334 φόδη
210 4239 353 4333 ἄνεμον)
378 4246 481 4313 τοῦτο
500 4237 568 4338 γάρ
588 4243 632 4319 εἰς
651 4269 708 4313 αττ
730 4241 798 4338 ἔχει
819 4241 879 4324 την
897 4243 1032 4333 γενικὴν,
1048 4243 1126 4314 ἀλλ’
1146 4247 1201 4318 οἰκ

108 4354 176 4426 ἔστι
194 4357 377 4454 βαρότονον
393 4357 473 4428 ἄλλ’
490 4355 655 4453 όξότονον.

155 4469 208 4542 Τὰ
221 4470 273 4544 διά
286 4478 347 4544 τοῦ
364 4502 466 4546 mnus
478 4475 522 4552 εἰς
533 4474 593 4557 τίην
606 4503 647 4548 οτ
659 4471 853 4570 δίφθογγον
863 4475 978 4571 ίχουσι
991 4475 1052 4558 τίςν
1065 4477 1199 4568 γενικὴν,
1209 4501 1246 4561 35
