2966 5014
13 247 69 328 ff·
403 258 470 324 ειι
491 255 547 320 το
569 256 862 320 οαοιιετιιιοιι.
1128 267 1188 336 129

79 424 204 500 Αῖνεία
227 425 276 499 τῶ
292 424 418 508 Αίνεέα,
433 431 483 502 τῶ
498 431 588 504 καλῶ
612 425 661 498 τῶ
685 427 785 509 καλῶ,
808 429 856 497 τῶ
880 429 981 522 σοφῶ
1005 423 1053 496 τῶ
1075 424 1186 520 σοφῶ,

80 541 163 614 ὅθεν
178 542 197 612 ό
213 537 362 637 τεχνικὸς
377 540 553 640 ὁμόφωνον
570 538 640 614 εἷπε
656 542 710 614 καὶ
726 542 789 638 οὐχ
803 540 1016 640 όμόγροφον.

134 659 201 730 Δεῖ
225 655 259 728 δὲ
285 659 450 750 γινώσκειν
475 657 529 730 ότι
554 658 728 730 ἐκτείνεται
754 657 796 730 τό
824 688 845 728 A
870 659 902 730 έν
926 663 969 751 πή
996 654 1099 746 εὐθείᾳ
1121 659 1187 726 τῶν

79 773 205 858 όυῖκῶυ,
222 771 336 870 ῶσπερ
357 773 411 844 καῖ
434 775 525 868 ἐυτῇ
545 772 655 871 ὐοτικῇ
673 779 739 846 τῶν
755 776 870 857 ἑνικῶν,
889 774 977 856 ἁλλ’,
994 775 1035 850 ῶς
1051 772 1187 868 εἴρηται,

79 891 140 962 οὐκ
166 890 243 962 ἔστι
268 886 311 962 τό
336 918 348 960 ι
374 891 699 988 προσγεγραμμένον
723 893 755 961 έν
780 897 823 986 τῇ
853 890 955 982 εὐθείᾳ
981 894 1046 960 τῶν
1070 887 1213 970 ὐυῖκῶν,5

78 1001 244 1101 οὐδὲγὰρ
270 1005 343 1075 ἔστι
362 1002 406 1077 τύ
430 1035 441 1076 1
465 1003 595 1078 τελικὸν
620 1013 678 1088 τήε
703 1007 822 1084 εὐθείας
846 1011 911 1078 τῶν
929 1003 1045 1076 ὐυῖκῶν·
1072 1000 1188 1075 τελικὰ

79 1119 155 1218 γὰρ
190 1129 249 1202 τῆς
282 1120 400 1197 εὐθείας
432 1125 498 1192 τῶν
533 1119 641 1192 ὐυϊκῶυ
677 1122 756 1219 τρία
795 1122 876 1194 εῖσῖν
910 1151 941 1204 A,
978 1151 1009 1202 ιε,
1043 1151 1076 1206 α,
1119 1117 1188 1192 οῖον

76 1233 257 1332 Ἀτρείδα,
277 1235 435 1334 Ἕκτορε,
463 1237 566 1334 φίλω.
610 1235 739 1308 Ἰστέον
768 1235 803 1308 δὲ
831 1237 885 1310 ὅτι
916 1238 935 1308 ὁ
964 1234 1123 1332 τεχνικὸς,
1148 1238 1188 1313 ὡς

79 1349 172 1448 πρὸς
204 1351 265 1433 τήν
293 1353 473 1449 ε’κφιύνησιν
499 1353 714 1440 ἀποβλέπων,
739 1355 783 1430 εἰς
808 1382 827 1424 A
855 1352 873 1436 ή
899 1355 941 1430 είς
968 1383 990 1424 ιι
1019 1356 1189 1445 λήγουσαν

79 1469 189 1550 μόνον
205 1464 304 1552 εέπεν,
320 1468 373 1538 καί
392 1469 428 1538 οὐ
445 1469 630 1566 προσέθηκε
645 1467 730 1552 μετὰ
747 1475 809 1541 τοῦ
826 1499 849 1542 1.
1202 1493 1238 1533 10

134 1583 245 1678 Λέγει
264 1582 318 1654 ότι
336 1585 462 1657 “mica
479 1584 582 1656 εὐθεῖα
606 1583 713 1656 θυῖκῶν
729 1587 771 1662 εἷς
789 1613 809 1656 A
826 1588 990 1676 λήγουσα,
1007 1583 1189 1680 προσθέσει

80 1707 148 1772 τοῦ
175 1729 213 1770 ιιι
238 1709 327 1774 ποιεῖ
349 1701 411 1783 τήν
432 1701 557 1792 γενικήν
579 1699 631 1772 καί
650 1697 806 1783 δοτικήν,”
827 1696 896 1771 οίον
912 1700 960 1773 τῶ
978 1700 1100 1794 κοχλία
1117 1708 1191 1770 τοῖν

82 1815 251 1914 κοχλίαιν,
272 1814 320 1887 τῶ
337 1814 453 1888 Αἰνεία
478 1825 551 1889 τοῖν
570 1817 726 1896 Αῖνείαιν,
743 1813 788 1886 τὰ
808 1815 917 1898 μούσα
941 1825 1018 1887 ταῖν
1041 1814 1191 1898 μούσαιν,

83 1929 129 2004 τὰ
146 1929 274 2002 Ἑλένα
290 1941 366 2003 ταῖν
379 1929 544 2004 Ἑλέναιν.
576 1931 639 2002 Δεῖ
653 1930 688 2002 δὲ
705 1933 871 2024 γινώσκειν
888 1931 942 2002 ότι
959 1937 1003 2026 τῇ
1019 1933 1190 2027 προσθήκη

83 2051 148 2117 τοῦ
174 2075 185 2116 ι
208 2046 262 2116 καῖ
284 2051 347 2116 πού
364 2075 386 2118 ιι
404 2047 627 2118 συστέλλεται
651 2046 695 2120 τὸ
719 2077 750 2130 A,
766 2048 820 2118 καῖ
846 2045 899 2118 &a
921 2053 1026 2118 τοῦτο
1044 2044 1112 2144 γὰρ
1138 2047 1191 2117 καί
1204 2067 1238 2129 15

85 2160 280 2258 ἐκφωνεῖται
305 2159 349 2233 τό
374 2191 398 2244 1,
423 2162 492 2236 ε’πεῖ
518 2165 548 2232 εῖ
570 2164 672 2246 ἔμεινε
695 2161 739 2234 τό
763 2190 783 2233 A
805 2161 941 2260 μακρῶν,
964 2168 1087 2246 ήμελλε
1108 2159 1152 2234 τῶ
1179 2191 1191 2232 ι

86 2277 317 2374 ἇνεκφῶνητον
334 2275 422 2350 εἶναι·
446 2273 609 2361 ἐμάθομεν
626 2276 661 2350 δὲ
677 2277 731 2348 ὅτι
751 2275 794 2348 τὸ
818 2307 841 2360 ι,
859 2279 946 2360 ήνίκα
970 2279 1080 2374 εὑρεθῇ
1104 2273 1192 2361 μετὰ

87 2397 151 2464 τοῦ
171 2420 193 2462 ιι
211 2391 230 2474 ή
245 2390 332 2476 μετὰ
349 2399 412 2464 τού
432 2423 454 2466 ο
477 2391 496 2475 ή
518 2390 604 2476 μετὰ
621 2400 683 2464 τοῦ
701 2422 719 2463 A
737 2399 863 2490 μακροῦ
886 2394 919 2464 έν
939 2399 1000 2484 μιᾷ
1022 2394 1191 2486 συλλαβή,

89 2507 318 2604 ιἰνεκφιόνητον
343 2509 537 2606 εὑρίσκεται,
556 2505 625 2581 οἷον
647 2515 696 2600 τῷ
714 2507 843 2606 Χρύση,
860 2513 908 2600 τῶ
935 2513 1045 2606 σοφῷ,
1062 2516 1110 2601 τῷ
1127 2507 1194 2582 Αί-

90 2623 169 2713 νεέρ.
212 2621 330 2694 Ταῦτα
346 2621 405 2707 μέν
421 2624 453 2694 έν
470 2624 611 2702 πούτοις.
1204 2651 1241 2690 20

177 2736 287 2833 ’ίρηται
309 2737 363 2810 ὅτι
391 2751 410 2779 “
420 2743 486 2810 τῶν
503 2737 613 2810 ὐυῖκῶν
630 2739 763 2810 καὶτῶν
780 2742 1002 2821 πληθυντικῶν
1018 2739 1058 2814 ὡς
1075 2741 1094 2818 ή
1111 2738 1192 2834 ὀρθή

91 2849 179 2924 αὐτοι
193 2853 246 2924 καῖ
263 2856 281 2934 ή
298 2855 462 2936 κλητική.”
494 2851 713 2954 Κανονίζεται
732 2859 750 2937 ή
767 2855 871 2927 εὐθεῖα
886 2859 951 2924 τῶν
971 2857 1193 2936 πληθυντικῶν

90 2966 162 3038 ιἰπὸ
186 2975 245 3049 τής
269 2969 387 3046 εὐθεῖαι
415 2974 480 3042 τῶν
506 2968 614 3041 δυῖκῶν
641 2976 763 3042 τοῦτον
789 2969 850 3042 τύν
871 2969 1009 3067 τρόπον·
1055 2981 1074 3010 “
1086 2969 1193 3042 Πᾶσα

91 3085 196 3156 εὐθεῖα
214 3083 321 3156 ὐυῖκῶν
337 3085 380 3161 είς
397 3113 418 3154 A
434 3088 587 3177 λήγουσα
604 3085 785 3182 προσθέσει
808 3091 870 3158 τοῦ
887 3115 898 3156 ι
915 3086 975 3168 τήν
992 3087 1112 3158 εὐθεῖαν
1128 3091 1193 3157 τῶν

92 3211 316 3289 πληθυντικῶν
341 3209 456 3292 ποιεῖ,”
476 3204 545 3280 οἷον
570 3207 617 3280 τῶ
641 3209 776 3304 κοχλία,
794 3211 827 3280 οἱ
849 3210 995 3305 κοχλίαι,
1013 3209 1060 3280 τῶ
1078 3209 1192 3280 Αἰνεία
1205 3239 1239 3298 25

93 3326 127 3392 οῖ
142 3321 283 3405 Αῖνεῖαι,
299 3319 344 3391 τὰ
361 3321 469 3403 μούσα
486 3324 521 3392 αῖ
535 3329 668 3406 μοῦσαι,
685 3322 730 3396 τὰ
746 3323 870 3396 Ἑλένα
888 3327 923 3396 αῖ
945 3323 1093 3394 Ἑλέναι.
1133 3325 1196 3394 Δεῖ

93 3438 128 3512 δὲ
145 3434 250 3510 πόλιν
266 3435 379 3508 είύέναι
397 3437 450 3507 ότι
468 3436 538 3520 ἅμα
554 3446 596 3532 τῇ
612 3444 784 3536 προσθήκη
801 3445 863 3512 τοῦ
880 3469 890 3508 ι
910 3438 1132 3510 συστελλεται
1149 3435 1193 3508 τὸ

95 3583 129 3639 A,
146 3549 199 3624 διὰ
216 3557 319 3623 τοῦτο
337 3547 406 3647 γὰρ
430 3551 482 3622 καῖ
506 3553 696 3650 ἐκφωνεῖται
722 3552 765 3627 τό
787 3583 811 3640 1,
835 3553 905 3624 ε’πεῖ
932 3554 960 3622 εῖ
980 3552 1081 3634 ἔμεινε
1102 3549 1145 3622 τό
1173 3580 1192 3622 A

20 3676 78 3744 862
95 3665 221 3764 μακρῶν
236 3667 355 3750 ἔμελλε
370 3665 413 3738 τὸ
431 3696 442 3736 ι
461 3667 685 3763 ἆυεκφόνητον
707 3666 796 3740 εῖναι.
832 3667 976 3764 Εἴρηται
995 3667 1049 3738 ὅτι
1067 3680 1087 3708 “
1097 3671 1193 3738 πᾶσα

96 3783 205 3876 γενική
218 3786 439 3865 πληθυντικῶν
455 3785 498 3859 είς
515 3812 560 3854 nu
577 3786 729 3876 λήγουσα
754 3784 808 3853 ε’πῖ
826 3781 950 3860 παντὸς
967 3785 1107 3876 γένουε,”
1124 3781 1193 3855 οίον
1202 3815 1242 3871 30

95 3906 161 3972 τῶν
174 3895 338 3984 Αίόντων,
351 3902 416 3970 τῶν
431 3903 569 3980 μουσῶν,
582 3903 647 3969 τῶν
660 3895 829 3986 βημάτων,
841 3899 893 3968 καῖ
910 3899 1028 3994 ἔχομεν
1041 3899 1106 3970 ὅσα
1119 3901 1194 3982 ε’ση-

96 4010 304 4096 μειωσόμεθα
329 4014 361 4084 ἐν
386 4023 457 4089 τοῖς
481 4014 725 4110 προλαβοῦσα.
768 4012 985 4110 Περισπᾶται
1005 4014 1038 4086 δὲ
1055 4018 1194 4087 ἐνταῦθα

99 4135 116 4213 ή
134 4130 242 4223 γενική
259 4135 324 4201 τῶν
340 4133 571 4212 πληθυντικῶν.
612 4127 774 4200 Καθόλου
791 4127 859 4226 γὰρ
877 4134 971 4201 πᾶσα
988 4133 1091 4202 εὐθεῖα
1108 4141 1194 4214 πλη-

97 4251 248 4320 θυντικῶν
281 4248 324 4322 εἰς
360 4273 391 4318 ει
428 4243 620 4340 δίφθογγον
652 4247 816 4336 λήγουσα,
844 4245 992 4342 ιἰρσενική
1021 4243 1078 4328 μὲν
1111 4243 1193 4316 οὐσα

97 4365 249 4456 περισπᾷ
264 4359 324 4442 τήν
342 4356 424 4447 ι’ὐίαμ
440 4359 575 4452 γενικήν,
593 4355 663 4430 οῖον
677 4359 840 4455 Ὀρέσπαι
858 4360 1035 4454 Ὀρεστῶν,
1052 4357 1192 4452 τοξόται
1202 4391 1240 4450 35

636 4495 651 4533 ε
