2982 5022
196 341 205 360 ·
283 329 326 390 40
578 307 778 368 νοονιιοι
801 306 1093 368 κοινοοουιιον
1402 303 1428 362 ιι
1474 263 1489 324 ³

277 480 413 576 Ὀρχας
432 477 561 574 Ὀρχα,
589 475 704 572 Λίχας
732 473 842 571 Λίχα,
864 474 1046 569 Καλλίχας
1070 473 1246 569 Καλλίχα,
1271 471 1391 570 Λίχας

287 595 394 692 Λίχα,
422 591 543 688 Λάχας
569 588 686 687 Λάχα·
723 590 822 687 χωρίς
854 592 883 660 εί
911 589 955 672 μίν
982 591 1092 685 εὑρεθῇ
1131 589 1164 658 ἐν
1196 595 1240 683 τῇ
1268 592 1390 685 πρώτῃ

284 711 442 802 συλλαβῇ
465 705 551 780 κατά
573 708 632 789 τὴν
649 704 819 802 ἄρχουσαν
834 702 878 776 τδ
897 729 929 775 κ·
956 710 1060 774 τούτο
1082 702 1116 774 δὲ
1139 707 1307 800 εἰρήκαμεν
1332 703 1391 774 διὰ

285 823 328 898 τό
347 823 491 919 Κάλχας
509 820 714 917 Κάλχαντος
730 817 1052 917 περιττοσυλλάβως
1071 820 1268 902 κλινόμενον,
1286 825 1391 912 ἤγουν

287 937 338 1011 διδ
355 945 417 1010 τοῦ
434 969 485 1019 υτ,
498 940 573 1008 ἔστι
592 935 625 1006 δὲ
642 937 745 1018 ὄνομα
761 933 914 1018 μάντεως.
1401 951 1420 1012 5

338 1052 393 1124 Τὰ
428 1057 470 1130 είς
499 1081 540 1124 κα
568 1057 719 1144 λήγοντα
751 1049 952 1137 δισύλλαβα,
978 1050 1240 1146 ταραληγόμενα
1273 1056 1322 1142 τῷ
1355 1081 1390 1132 Α,

285 1171 408 1265 ἔχοντα
432 1166 557 1262 μεταξύ
581 1174 645 1240 τῖον
671 1166 725 1238 δύο
752 1197 795 1238 ΑΑ
820 1167 856 1239 ἓν
877 1172 944 1238 τῶν
969 1166 1106 1262 ἀφώνων
1129 1166 1316 1262 σύμφωνον,
1341 1167 1391 1248 μὴ

286 1287 368 1356 ὄντα
389 1282 567 1366 ἕτιθετικδ,
589 1279 822 1370 ι’σοσυλλάβιος
846 1283 1023 1363 κλίνονται,
1042 1278 1122 1366 οἷον,
1146 1277 1256 1358 Σάκας
1280 1278 1391 1363 Σάκα,

288 1397 403 1476 Λάδας
421 1396 532 1484 Λάδα,
550 1395 691 1495 Σφάδας
709 1396 845 1496 Σφάδα,
865 1394 980 1475 Λάκας
998 1393 1109 1479 Λάκα,
1124 1397 1245 1490 Μάγας
1270 1397 1391 1490 Μέγα,

288 1515 365 1606 (είσί
392 1511 426 1584 δὲ
449 1514 597 1596 όνόματα
621 1515 739 1610 κύρια.)
784 1513 991 1610 Πρόσκειται
1020 1513 1260 1600 “δισυλλαβα”
1282 1515 1315 1584 ἐν
1337 1521 1390 1605 τῷ
1405 1544 1443 1582 ιο

286 1630 392 1702 κανόνι
419 1627 470 1702 διά
487 1627 530 1701 τό
555 1625 701 1716 λυκάβας
725 1627 941 1716 λυκάβαντος,
961 1630 1121 1718 (σημαίνει
1148 1628 1183 1700 δὲ
1204 1629 1264 1702 τόν
1287 1633 1393 1702 ε’νιανψ

286 1747 373 1844 τόν,)
393 1749 456 1820 “zv
473 1747 506 1819 δὲ
524 1748 729 1844 σύμφωνον,”
747 1744 798 1816 διὰ
816 1743 858 1816 τδ
878 1742 1023 1841 Κάλχας
1041 1742 1257 1841 Κάλχαντος·
1283 1754 1392 1819 τοῦτο

288 1861 356 1962 γάρ
380 1866 435 1934 ούκ
460 1865 526 1958 ἔχει
553 1861 694 1959 ἄφωνον,
711 1857 796 1930 Ιἀλλ’
818 1862 994 1956 ἡμίφωνον,
1010 1859 1053 1932 τό
1078 1860 1147 1958 γάρ
1174 1891 1194 1932 Δ
1221 1863 1393 1958 ἡμίφωνον

287 1979 374 2062 ἐστί,
392 1991 412 2020 “
424 1979 468 2062 μὴ
486 1979 566 2049 ὄντα
584 1976 617 2048 δὲ
633 1972 819 2047 ε’τιθετικᾶ”
837 1976 1033 2072 πρόσκειται
1051 1975 1103 2047 διὰ
1120 1975 1163 2048 τό
1180 1976 1266 2053 ἅπας
1282 1975 1394 2048 ἅπαν·

287 2125 357 2179 τος,
375 2091 557 2166 ἐπιθετικόν
572 2092 621 2176 δν,
637 2093 690 2162 καὶ
708 2089 760 2162 διὰ
779 2097 839 2162 τοῦ
857 2122 898 2162 υτ
915 2091 1113 2175 κλινόμενον.
1407 2116 1442 2171 15

338 2207 393 2280 Τὰ
427 2213 469 2287 είς
503 2239 542 2281 Ax
576 2213 727 2300 λήγοντα
761 2203 951 2292 δισύλλαβα
985 2207 1246 2302 ταραληγόμενα
1283 2213 1333 2297 τῷ
1370 2238 1392 2278 ιι

287 2323 410 2418 ἔχοντα
436 2321 561 2417 μεταξύ
577 2329 642 2394 τῶν
656 2320 710 2392 δύο
736 2351 776 2391 κκ
791 2319 827 2392 ἓν
844 2321 1030 2418 σύμφωνον,
1047 2322 1091 2404 μὴ
1107 2319 1150 2392 τό
1170 2351 1198 2403 ς,
1215 2332 1391 2415 μονογενῆ,

288 2435 522 2524 ίσοσνλλάβιος
546 2438 722 2520 κλίνονται,
750 2433 818 2507 οἷον
851 2435 961 2514 Σάκας
991 2434 1097 2521 Σάκα,
1126 2435 1243 2515 Λάδας
1275 2435 1392 2510 Λάδα.

290 2551 409 2642 Τούτῳ
425 2558 473 2642 τῷ
489 2553 583 2644 λόγῳ
600 2553 652 2622 καί
672 2550 715 2622 τό
735 2549 861 2635 Μάμας
884 2551 1120 2640 ίσοσνλλάβιος
1134 2555 1289 2634 κλίνεται,
1308 2551 1392 2636 οἷον,

290 2662 416 2750 Μάμας
434 2663 555 2750 Μάμα.
595 2666 801 2765 Πρόσκειται
821 2668 884 2739 “ἓν
898 2670 1094 2766 σύμφωνον”
1111 2667 1163 2740 διά
1180 2669 1224 2742 τό
1241 2667 1392 2767 Κάλχας
1406 2702 1445 2741 οο

291 2778 504 2880 Κάλχαντος,
523 2781 578 2854 δύο
595 2784 754 2880 σύμφωνα
779 2785 903 2880 ἔχοντα
920 2785 957 2855 ού
974 2782 1294 2882 περιττοσυλλάβος
1317 2793 1393 2856 κλι-

290 2896 430 2979 νόμενον.
474 2897 680 2994 Πράσκειται
706 2912 727 2941 “
739 2900 782 2982 μὴ
799 2897 842 2970 τό
861 2901 909 2981 ιι,”
937 2897 989 2970 διὰ
1006 2898 1049 2971 τδ
1068 2898 1184 2996 Τάρας
1201 2898 1390 2997 Τάραντος.

291 3009 498 3106 Πρόσκειται
517 3018 724 3105 “μονογενῆ”
749 3013 801 3086 διὰ
825 3013 868 3086 τὸ
893 3013 981 3092 ἅπας
1005 3013 1162 3098 ἅπαντας,
1178 3015 1324 3113 τριγενὲς
1352 3015 1392 3087 όν

290 3126 343 3197 καί
361 3125 680 3223 τεριττοσυλλάβιος
703 3131 900 3213 κλινόμενον·
928 3131 947 3200 ό
970 3128 1057 3207 ἅπας
1074 3128 1142 3226 γάρ
1160 3134 1178 3212 ἡ
1195 3129 1312 3201 άτασα
1335 3133 1392 3200 καί

291 3238 334 3312 τό
351 3239 449 3312 ἅπαν.
1407 3277 1443 3334 25

343 3353 398 3427 Τά
425 3359 467 3434 είς
493 3387 534 3428 κε
552 3357 751 3448 δισύλλαβα,
774 3363 898 3457 ἔχοντα
926 3362 985 3443 τὴν
1008 3365 1140 3457 πρώτην
1162 3361 1214 3431 καί
1239 3359 1392 3456 δευτέραν

293 3474 466 3561 συλλαβὴν
483 3473 550 3546 άπδ
576 3483 637 3546 τοῦ
661 3479 761 3548 αι’ντοῦ
783 3479 961 3574 συμφώνου
976 3477 1171 3574 ἀρχομένην,
1196 3475 1304 3559 ίςάτύ
1328 3485 1394 3548 τοῦ

293 3589 519 3684 άντιστοίχου,
533 3588 851 3687 περιττοσνλλάβιος
863 3592 1039 3672 κλίνονται,
1061 3590 1139 3674 οἷον,
1154 3595 1255 3685 γίγας
1272 3593 1395 3686 γίγαν-

293 3731 361 3782 τος,
379 3703 462 3778 Βίας
488 3703 639 3780 Βίαντος.
680 3704 769 3774 Ἰδού
793 3712 900 3777 ταῦτα
926 3704 994 3777 άτδ
1011 3713 1074 3777 τοῦ
1098 3709 1198 3779 αύτού
1215 3711 1396 3806 συμφώνου

294 3815 406 3911 ἔχουσι
421 3817 480 3898 την
497 3820 628 3914 πρώτην
646 3819 698 3888 καί
717 3818 866 3917 δευτέραν
883 3823 1057 3908 συλλαβὴν
1073 3823 1267 3919 ἀρχομένας.
1297 3823 1395 3896 Ἀπὸ
1406 3855 1447 3910 30

202 3965 242 4030 47
261 3930 331 4011 ᾗδὲ
362 3938 424 4002 τοῦ
448 3933 674 4031 άντιοτοίχου,
700 3933 769 4008 οἷον
794 3935 942 4034 Τεύθρας
975 3936 1193 4033 Τεύθραντος,
1221 3937 1396 4034 Πρόφρας

297 4048 537 4146 Πρόφραντος,
564 4049 708 4148 Κάλχας
734 4049 948 4148 Κάλχαντος.
988 4051 1077 4124 Ἰδού
1102 4059 1210 4124 ταῦτα
1232 4050 1301 4122 ἀπὸ
1330 4061 1397 4124 τοῦ

297 4166 512 4262 άντιστοίχου
540 4169 653 4264 ἔχουσι
678 4169 739 4250 τὴν
764 4171 896 4265 πρώτην
923 4167 1097 4254 συλλαβὴν
1121 4167 1313 4264 ἀρχομένην
1349 4167 1396 4240 τό

296 4279 354 4362 μὲν
379 4277 447 4377 γάρ
474 4311 493 4351 ο
517 4283 726 4379 ιἰντιστοιχεῖ
739 4289 788 4374 τῷ
812 4313 841 4364 τ,
866 4281 910 4354 τδ
935 4281 970 4354 δὲ
994 4313 1014 4353 ε
1036 4289 1086 4373 τῷ
1109 4312 1143 4362 ιι,
1167 4279 1210 4351 τό
1237 4279 1271 4351 δὲ
1296 4311 1317 4351 x
1344 4289 1397 4372 τῷ

298 4426 329 4466 ιι.
375 4394 493 4485 Τούτῳ
510 4404 558 4488 τῷ
573 4398 668 4489 λόγῳ
685 4399 736 4468 καί
757 4396 799 4469 τό
821 4397 948 4480 Μάμας
974 4397 1161 4480 Μάμανκος
1186 4393 1237 4467 διά
1262 4401 1325 4468 τοῦ
1353 4425 1398 4469 υτ
1409 4433 1447 4491 35
