2982 5022
299 347 339 396 22

296 503 351 574 ε’πῖ
373 499 418 573 τά
440 534 491 586 μει
515 533 587 590 ονα,
610 503 752 585 ε’πιτομίι
778 499 812 572 δέ
836 501 910 572 ε’σπι
936 502 1098 584 σύντομος
1122 504 1189 570 τῶν
1211 500 1408 597 κεφαλαίων

297 616 491 716 παράδοσις.
533 617 651 690 Ταῦτα
667 619 787 715 ἔχομεν
803 619 903 690 εἰπεῖν
919 620 959 694 ὡς
976 618 1009 688 έν
1025 616 1299 712 προλεγομένοις.

347 735 545 811 Μέλλοντες
575 736 734 818 ἐπιτομὴν
762 738 928 806 ποιεῖσθαι
963 739 1026 806 τοῦ
1054 732 1229 816 ὀνόματος,
1258 733 1406 824 εὔλογον

296 853 462 944 ἡγούμεθα
488 849 555 948 πρὸ
580 857 642 923 τοῦ
666 850 866 949 παραδοῦναι
892 849 968 926 τοὺς
990 849 1123 925 κανόνας
1145 847 1271 930 αότοὺς,
1296 848 1406 940 ὀλίγα

355 963 554 994 xcv!

295 1001 369 1040 τινα
395 999 435 1045 ως
457 999 489 1038 εν
510 965 604 1061 ταξει
628 967 881 1060 προλεγομένων
904 969 1013 1037 εῖτεῖν.
1066 965 1129 1034 Δεῖ
1150 965 1320 1055 γινώσκειν
1345 964 1431 1045 ὅτι5

295 1084 442 1182 διαφέρει
472 1081 515 1156 τό
545 1079 765 1182 βαρβαρίζειν
791 1088 853 1152 τὸῦ
879 1077 1089 1179 σολοικίζειν,
1116 1077 1199 1151 καθά
1229 1081 1406 1177 βαρβαρί-

295 1199 361 1301 ζειν
389 1202 447 1284 μέν
476 1203 549 1273 έσπι
579 1199 622 1274 τό
651 1195 849 1296 ἁμαρτάνειν
879 1195 953 1293 περί
983 1196 1060 1278 μίαν
1089 1193 1189 1289 λέξιν,
1217 1196 1285 1266 ε’ίτε
1311 1193 1404 1266 κατά

294 1318 426 1416 χρόνον,
444 1317 511 1390 ε’ίτε
533 1315 618 1389 κατά
642 1321 775 1400 πνεῦμα,
793 1315 860 1387 εῖτε
883 1310 970 1384 κατά
995 1311 1103 1393 τόνον,
1122 1312 1189 1382 εἴτε
1209 1309 1296 1380 κατὰ
1313 1339 1406 1408 γρα-

296 1435 372 1532 φὴν,
391 1433 458 1506 ε’ίτε
477 1431 563 1505 κατά
584 1434 703 1504 κλίσιν.
755 1431 824 1502 Καῖ
845 1426 931 1500 κατά
954 1427 1077 1524 χρόνον
1099 1425 1168 1512 μὲν,
1185 1429 1226 1502 ὡς
1248 1426 1333 1500 ὅταν
1350 1457 1404 1502 τις

295 1555 357 1620 τοῦ
381 1547 467 1626 Afas
490 1545 533 1620 τά
560 1578 580 1620 κ
606 1548 777 1640 συστείλῃ,
800 1546 945 1644 ὀφείλων
969 1545 1104 1615 ε’κτεῖναι
1134 1543 1226 1614 ον’τό·
1256 1540 1301 1614 τά
1329 1539 1404 1640 γάρ
1417 1571 1450 1610 ιο

296 1664 383 1743 Afas·
398 1663 441 1738 τά
461 1695 480 1736 κ
498 1665 709 1748 ἐκτεταμένον
726 1665 806 1760 ἔχει.
840 1659 943 1733 Κατά
960 1659 1059 1732 τόνον
1072 1657 1118 1744 δέ,
1131 1660 1171 1736 ὡς
1187 1659 1270 1730 ὅταν
1286 1690 1341 1736 τις
1357 1657 1403 1730 τό

295 1779 476 1878 ἅνθρωπος,
493 1781 637 1878 ὀφείλων
653 1777 914 1878 προπαροξῢναι,
932 1776 1035 1874 ὀξάνρ,
1052 1780 1105 1850 καῖ
1126 1778 1200 1872 ε’ίπη
1216 1777 1402 1873 ἅνθρωπός.

297 1895 399 1970 Κατὰ
418 1898 553 1994 γραφὴν
571 1897 614 1979 δέ,
632 1899 672 1972 ὡς
689 1897 770 1968 ὅταν
788 1896 838 1972 τίς
859 1894 903 1968 τὸ
929 1896 1024 1979 πένης
1047 1896 1192 1993 ὀφείλων
1215 1891 1266 1966 διά
1289 1900 1354 1965 τοῦ
1378 1923 1402 1964 ει

297 2011 452 2110 γράφειν,
472 2011 595 2112 γράφη
616 2011 698 2084 αάτό
720 2009 772 2083 διά
788 2017 852 2083 τοῦ
873 2043 895 2082 ι.
948 2009 1051 2083 Κατὰ
1071 2013 1179 2082 κλίσιν
1197 2009 1242 2094 δέ,
1258 2011 1299 2085 ὡς
1315 2010 1403 2081 ὅταν

296 2162 347 2208 τις
371 2127 413 2202 τά
439 2131 572 2218 εὐσεβὴς
595 2131 731 2217 εάσεβοιῖ
755 2127 840 2222 ε’ίπη,
860 2128 1004 2225 ὀφείλων
1030 2131 1130 2200 εἰπεῖν
1155 2127 1288 2214 εὐσεβὴς
1310 2127 1402 2196 εὗσε-
1415 2153 1446 2212 15

296 2245 386 2332 βοῦς.
438 2243 541 2318 Κατὰ
559 2249 682 2328 πνεῦμα
700 2242 746 2326 δὲ,
762 2245 802 2320 ὡς
822 2243 905 2314 ὅταν
920 2275 972 2320 τις
992 2245 1054 2326 τὴν
1075 2241 1139 2314 ὑπὸ
1157 2242 1317 2339 πρόθεσιν
1336 2241 1403 2336 ψι-

295 2361 397 2452 λώσῃ,
415 2361 559 2458 ὀφείλων
576 2361 674 2442 αὖτῖςν
692 2359 834 2432 δασῦνοι.
870 2358 1077 2460 Σολοικίζειν
1090 2358 1125 2431 δέ
1140 2361 1227 2443 ε’στι,
1238 2359 1401 2432 τουτέστι

295 2471 338 2546 τά
361 2475 436 2572 περὶ
462 2476 522 2558 τὴν
545 2475 699 2570 σύνταξιν
721 2477 774 2548 καῖ
798 2477 859 2560 τίιν
882 2473 1009 2573 φράσιν
1031 2473 1240 2572 ἁμαρτάνειν,
1259 2472 1402 2558 ἑκάστης

296 2585 412 2682 λέξεως
436 2620 476 2659 κα
500 2591 642 2672 ’ἑαυτῆς
667 2592 805 2676 κειμένης
830 2597 935 2668 καλῶς
959 2592 1096 2688 έχοιίσης
1121 2593 1153 2662 έν
1178 2596 1223 2685 τῇ
1246 2587 1401 2684 συντάξει

297 2705 349 2776 καί
366 2711 409 2799 τῇ
426 2701 550 2803 φράσει
568 2689 717 2785 ἀτάκτως
736 2709 789 2779 καί
807 2708 1030 2784 άνακολοιίθως
1046 2707 1401 2804 παραλαμβανομένης,
1413 2742 1448 2782 20

297 2823 337 2898 ῖος
361 2821 416 2892 έπῖ
441 2829 512 2907 τοῦ,
539 2835 558 2864 “
571 2823 636 2917 ε’γοῖ
664 2829 854 2920 περιπατῶν
879 2825 898 2894 ὁ
924 2833 1043 2920 τοῖχος
1066 2823 1211 2908 ἔτεσεν,”
1236 2820 1305 2894 ίδοά
1331 2819 1401 2920 γάρ

297 2939 436 3010 ἐνταῦθα
460 2936 582 3022 ἑκάστη
605 2938 694 3033 λέξις
715 2941 788 3014 καθ’
805 2940 919 3023 ἑαυτὴν
941 2937 1024 3010 οθσα
1047 2944 1154 3016 καλῶς
1177 2939 1256 3035 ἔχει,
1277 2939 1330 3008 καῖ
1357 2937 1401 3010 τά

296 3052 373 3145 ε’γό,
390 3053 441 3124 καί
458 3051 501 3124 τὸ
518 3060 718 3151 περιπατῶν,
735 3054 788 3125 καὶ
805 3053 848 3126 τά
866 3057 884 3125 ὁ
902 3065 1029 3151 τοῖχος,
1043 3056 1096 3125 καί
1113 3053 1156 3126 τὸ
1173 3055 1282 3137 ἔπεσε,
1294 3059 1402 3132 καλῶς

296 3171 440 3266 ἔχουσιν,
465 3169 544 3240 ἀλλ’
569 3172 601 3242 έν
625 3178 670 3264 τῇ
695 3168 846 3265 συντάξει
872 3174 924 3244 καὶ
954 3179 998 3266 τῇ
1022 3169 1147 3269 φράσει
1173 3169 1323 3248 ἀτάκτως
1348 3170 1400 3242 καί

297 3287 519 3363 άνακολοιίθως
541 3285 875 3385 παραλαμβάνονται,
893 3287 967 3359 ὅθεν
989 3289 1041 3358 καῖ
1065 3285 1281 3371 σολοικισμὸς
1303 3288 1401 3380 λέγε·
1412 3317 1444 3374 25

296 3433 364 3486 ται,
383 3403 478 3474 οῖονεῖ
496 3405 515 3474 ὁ
533 3410 594 3475 τοῦ
610 3406 695 3474 σάου
716 3404 824 3498 λόγου
841 3403 999 3488 αι’κισμδς,
1017 3409 1116 3497 ἤγουν
1133 3403 1225 3501 ὕβρις
1241 3409 1304 3476 τοῦ
1320 3407 1401 3475 ὁλο-

298 3525 420 3618 κλήρου
436 3521 554 3615 λόγον.

349 3637 484 3709 Τοάτων
502 3638 601 3715 οὕτως
617 3639 770 3734 ε’χόντων,
789 3637 837 3708 δεῖ
855 3639 1020 3730 γινώσκειν
1038 3637 1091 3707 ὅτι
1116 3637 1198 3733 μέρη
1214 3637 1401 3729 τοῦλόγου

300 3752 380 3822 εῖσῖν
404 3753 500 3834 ὀκτά,
528 3754 641 3836 ὄνομα,
664 3757 761 3848 ῥῆμα,
786 3755 925 3850 μετοχὴ,
948 3752 1082 3850 άρθρον,
1103 3752 1293 3837 ἀντωνυμία,
1317 3753 1402 3850 τρό-

301 3871 398 3952 θεσις,
424 3868 597 3965 ἐπίρρημα,
623 3869 808 3952 σύνδεσμος·
837 3871 889 3940 καῖ
916 3867 1080 3940 διάλεκτοι
1107 3869 1216 3952 πέντε,
1239 3868 1361 3946 Ἀτθῖς
1383 3873 1400 3950 ἦ
1409 3899 1447 3954 30

214 4013 255 4078 39
271 3988 365 4056 ῖιτῶν
378 3982 567 4066 Ἀθηναίων,
580 3985 701 4062 Αίολῖς
719 3990 736 4068 ἡ
753 3991 817 4057 τῶν
830 3986 990 4068 Αἰολέων,
1004 3985 1110 4083 Δωρίς
1127 3990 1145 4067 ἡ
1163 3991 1227 4056 τῶν
1240 3985 1402 4081 Δωριέων,

301 4097 367 4176 Ἰὰς
385 4103 402 4181 ἡ
421 4105 486 4172 τῶν
503 4101 623 4184 Ἰάνων,
641 4103 727 4185 κοινὴ
751 4105 823 4176 καθ’
843 4104 879 4186 ἣν
903 4107 989 4186 ἡμεῖς
1011 4103 1244 4196 διαλεγόμεθα.
1290 4101 1403 4196 Παρέ-

300 4247 420 4286 πονται
445 4215 479 4287 δὲ
503 4223 552 4307 τῷ
576 4217 713 4298 ὀνόματι
737 4219 845 4304 πέντε,
864 4220 950 4311 γένη,
968 4219 1045 4302 εῖδη,
1063 4223 1233 4315 σχήματα,
1251 4218 1400 4314 ὀριθμοῖ,

300 4335 451 4410 πτώσεις.
504 4333 583 4416 Γένη
606 4333 664 4416 μὲν
686 4333 738 4404 οθν
759 4337 821 4406 εἰσι
845 4337 934 4434 τρία,
952 4333 1130 4434 ἀρσενικὸν,
1148 4333 1296 4418 θηλυκὸν,
1315 4335 1353 4404 ο’
1380 4337 1403 4391 ’-

298 4477 406 4546 τερον.
459 4449 528 4521 Καί
552 4449 719 4547 ἀρσενικὸν
741 4451 799 4534 μὲν
819 4450 873 4524 οὖν
895 4453 987 4525 ε’στιν
1004 4453 1043 4524 οθ
1066 4448 1301 4550 τροτάσσεται
1328 4453 1399 4524 κατ’
1409 4485 1424 4539 3
1430 4483 1445 4540 5
