2958 5018
421 338 487 398 1312
509 339 565 398 το
587 337 879 400 ουουικτιιιου.
1137 353 1200 420 323

96 502 240 576 ὀιπλούν
264 507 426 598 λήγουσα,
452 508 633 603 προσθέσει
658 514 721 579 τοῦ
748 537 759 579 ι
785 519 874 579 ποιεῖ
898 508 958 592 τήν
984 506 1113 591 θατικήν
1136 513 1202 580 τῶν

95 624 333 704 πληθυντικῶν,
347 618 416 692 οἷον
429 621 587 716 Κύκλωψ
599 620 779 716 Κύκλωψι,
794 621 905 721 θώραξ
921 620 1053 722 θώραξι,
1066 623 1200 718 Πέλοψ

97 733 262 828 Πέλοψι,
280 735 414 831 σκώληξ
428 735 583 832 σκώληξι.
634 738 753 811 Ταύτα
769 738 828 823 μέν
844 741 986 818 τούτοις.

152 861 173 892 “
184 850 270 928 Τούς
287 851 472 929 Κύκλωπας
488 855 514 924 ιθ
531 853 738 932 Κύκλωπες.”

150 967 260 1044 Τέλος
277 967 334 1039 σύν
352 972 412 1060 θεῷ
430 974 495 1040 τῶν
512 970 684 1066 ὀρσενικῶν
701 969 879 1055 ὀνομάτων.
925 971 1083 1069 Εύτυχῶς
1100 977 1181 1071 χρῶ.
1208 989 1225 1048 5

362 1251 451 1324 Περὶ
471 1260 534 1323 τόν
553 1259 711 1324 ουκτιεόυ
728 1249 938 1326 Ὀυοιιέταιι.

441 1398 562 1474 Κιιιιιὶν
582 1400 715 1474 A'.—‘H
736 1409 852 1475 υοέτκ.

149 1559 171 1588 “
184 1546 302 1619 Κανών
323 1553 466 1646 πρῶτος,
484 1545 579 1621 ένικό.
629 1549 679 1618 Ἠ
701 1555 810 1632 μοῦσα
836 1559 894 1634 τῆς
918 1552 1049 1636 μούσης,
1073 1555 1091 1634 ή
1116 1563 1197 1636 μαῖα

89 1672 156 1746 τῆς
176 1664 282 1749 μαίας,
300 1667 318 1746 ή
335 1669 467 1763 σφαῖρα
489 1673 548 1748 τῆς
565 1665 744 1764 σφαίρας.”
795 1664 984 1763 Πληρώσας
1006 1669 1025 1736 ὁ
1049 1667 1198 1764 τεχνικός

89 1782 157 1863 τήν
173 1787 237 1852 τῶν
254 1782 427 1878 ἇρσενικῶν
444 1777 613 1864 ὀνομάτων
630 1780 842 1852 θιθασκαλίαν
858 1783 1058 1880 μετέρχεται
1077 1789 1128 1854 νύν
1143 1783 1196 1854 καί
1210 1821 1245 1861 10

90 1897 150 1967 ἐπὶ
169 1894 213 1966 τὰ
231 1895 363 1982 θηλυκά,
379 1897 431 1967 καὶ
454 1897 565 1968 ἰστέον
583 1897 637 1967 ὅτι
655 1894 769 1968 τελικά
786 1902 852 1968 τῶν
869 1901 1011 1980 θηλυκῶν
1028 1895 1197 1981 ὀνομάτων

90 2023 250 2110 στοιχεῖα
275 2013 357 2084 εἰσὶν
383 2011 478 2096 ὀκτώ,
497 2017 666 2110 φωνήεντα
688 2013 778 2109 τρία,
796 2043 828 2098 A,
846 2044 879 2096 u,
898 2044 930 2098 ιι,
955 2014 1008 2084 καὶ
1034 2014 1196 2112 σύμφωνα

91 2129 205 2211 πέντε,
225 2159 256 2212 ις,
276 2155 307 2212 ε,
326 2159 356 2215 ι’,
374 2159 404 2214 2,
421 2159 452 2212 υ,
471 2128 539 2200 οἷον
563 2135 683 2214 μοῦσα,
710 2127 843 2212 Ἑλένη,
870 2129 1019 2226 Σαπφώ,
1044 2129 1194 2226 χελιδών,

89 2241 180 2338 ἕλιξ,
200 2249 318 2342 μήτηρ,
337 2245 445 2330 θέτις,
461 2241 613 2338 λαίλαφ.
662 2243 795 2316 Ἰστέον
837 2243 852 2315 ὲ
877 2245 931 2316 ὅτι
956 2243 1001 2316 τά
1027 2249 1069 2323 εἰς
1093 2276 1113 2317 A
1136 2250 1196 2330 λή-

90 2391 204 2453 γοντα
224 2357 345 2444 θηλυκά
362 2361 380 2444 ή
398 2361 620 2432 συστέλλουσι
646 2359 689 2432 τό
708 2391 726 2431 A
749 2359 767 2444 ή
793 2361 986 2433 ἐκτείνουσιν
1012 2361 1103 2434 αύπό·
1141 2364 1194 2434 καί
1207 2388 1240 2447 15

92 2476 162 2547 ὅσα
181 2475 239 2560 μὲν
255 2477 318 2548 εἰσί
334 2473 612 2575 προπαροξύτονα
630 2476 846 2570 ὡμολόγηται
864 2476 918 2548 ὅτι
935 2479 1195 2562 συνεσταλμένον

89 2593 209 2688 ἔχουσι
227 2591 269 2664 τὸ
286 2623 317 2676 A,
335 2589 404 2664 οἷον
420 2592 666 2691 πανδοκεύτρια,
685 2591 871 2676 Πολύμνια,
888 2593 1021 2676 πότνια,
1039 2595 1193 2693 είρέτρια,

90 2709 316 2807 κιθαρίστρια,
343 2711 501 2798 εύσέβεια,
531 2711 682 2804 εὐγένεια,
711 2705 880 2791 θάλασσα,
910 2707 1027 2793 άελλα,
1058 2712 1192 2784 θύελλα.

93 2825 238 2922 Μακρᾶς
263 2824 330 2923 γάρ
360 2828 456 2910 οὔσης
484 2834 542 2909 τῆς
571 2827 623 2897 ε’πί
652 2827 779 2909 τέλους,
810 2823 967 2895 ούθέτοπε
994 2825 1094 2922 τρίτη
1124 2825 1192 2898 ἆπό

89 2942 209 3019 τέλους
235 2943 350 3014 πίπτει
379 2947 397 3025 ή
425 2939 525 3036 ὀξεῖα,
551 2946 649 3034 ήγουν
676 2939 834 3012 ούόέποτε
862 2937 1146 3037 προπαροξύνεται
1174 2947 1240 3025 ήτο

89 3055 192 3152 λέξις,
209 3061 248 3135 ὡς
265 3060 296 3128 έν
313 3064 361 3148 τῷ
379 3058 454 3156 περὶ
471 3056 583 3140 τόνων,
602 3059 630 3127 εἰ
647 3061 708 3148 θεῷ
725 3057 839 3154 φίλον,
856 3055 1083 3141 μαθησόμεθα.
1135 3055 1191 3130 Τά

89 3174 127 3244 δὲ
155 3177 188 3245 έν
216 3181 260 3270 τῇ
289 3175 462 3265 τελευταίᾳ
497 3175 653 3266 συλλαβῇ
687 3174 810 3270 ἔχοντα
844 3171 905 3244 τόν
937 3172 1046 3256 τόνον,
1080 3171 1191 3247 πόντοι

88 3289 216 3385 μακρόν
237 3292 350 3387 έχουσι
373 3289 417 3363 τό
441 3319 472 3373 A,
494 3286 563 3360 οἷον
583 3287 720 3372 Ἀθηνᾶ,
738 3288 879 3385 ἆργυρᾶ,
896 3287 1026 3384 σιδηρᾶ,
1043 3286 1191 3386 φοβερά,

90 3404 230 3504 πονηρὰ,
248 3405 412 3477 Ναυσικᾶ.
452 3404 507 3477 Τά
526 3405 560 3477 δὲ
576 3403 644 3504 πρό
666 3408 742 3489 μιᾶς
764 3407 887 3502 ἔχοντα
908 3402 969 3476 τόν
985 3404 1083 3475 τόνον
1099 3406 1192 3476 ἔστιν

90 3522 151 3592 ὅτε
179 3522 401 3596 συστέλλουσι
431 3519 474 3592 τό
502 3551 535 3606 A,
560 3519 629 3593 οἷον
656 3529 786 3616 ταχεῖα,
813 3515 914 3612 ὀξεῖα,
939 3517 1090 3616 βραδεῖα,
1115 3519 1189 3590 ἔστι
1200 3555 1236 3614 25

90 3638 120 3708 θ’
147 3638 206 3708 ὅτε
234 3639 425 3710 ἐκτείνουσιν
454 3635 547 3722 αύτό,
577 3635 646 3710 οἷον
676 3632 854 3735 Βυζαντία,
886 3633 1035 3722 Λεσβία,
1063 3634 1189 3720 Ῥοδία,

89 3755 220 3850 μετρία.

141 3869 259 3942 Ταῦτα
283 3868 341 3954 μέν
364 3868 474 3950 ούτως·
502 3873 521 3941 ὁ
545 3869 580 3942 ὀὲ
604 3877 662 3952 τῆς
687 3868 821 3945 κλίσεως
847 3867 953 3960 λόγος
977 3871 1097 3938 τοῦτον
1122 3866 1190 3966 ἔχει

89 3985 151 4059 τόν
167 3987 307 4084 τρόπον·

141 4101 196 4174 Τά
215 4106 257 4180 εἰς
274 4133 295 4174 A
311 4107 462 4196 λήγοντα
487 4099 620 4187 θηλυκά,
637 4097 692 4170 ε’ὰν
716 4097 774 4182 μὲν
798 4099 899 4196 ἔχωσι
925 4097 968 4172 τό
993 4129 1013 4170 A
1036 4096 1236 4196 καθαρθν,ηο

88 4219 247 4291 τουτέστι
271 4219 316 4303 μή
341 4219 586 4316 προηγουμένου
611 4218 799 4313 συμφώνου,
818 4215 837 4299 ή
857 4214 924 4312 πρὸ
946 4221 1008 4287 τοῦ
1025 4245 1042 4284 A
1061 4212 1104 4285 τό
1123 4214 1189 4299 υ,ή

88 4333 224 4432 μακρὸν,
249 4331 461 4432 φυλάττουσι
484 4334 536 4404 καὶ
560 4335 592 4404 ἐν
617 4337 659 4426 τῇ
686 4337 805 4427 γενική,
833 4331 920 4428 φημὶ
947 4329 983 4413 δή
1008 4327 1051 4401 τό
1078 4360 1108 4411 A,
1134 4330 1186 4400 καὶ

89 4450 269 4546 προσθέσει
290 4457 351 4522 τοῦ
373 4455 540 4522 κτανοῦσι
559 4450 619 4532 τήν
636 4451 771 4541 γενικήν.
814 4445 1001 4519 Ἔστωσαν
1022 4443 1056 4517 δέ
1080 4475 1187 4542 παρα·

609 4585 628 4626 Τ
646 4579 693 4628 Η
