2966 5014
403 319 470 381 ΕΙΣ
491 319 548 381 ΤΟ
570 319 864 381 ΟΝΟΜΑΤΙΚΟΝ.
1121 327 1179 398 151

13 529 24 570 ι
43 493 95 565 τὸ
117 491 384 588 ἀγκυλοχείλης
397 491 433 560 οὐ
450 489 580 561 δύναται
599 487 676 561 είναι
694 489 860 572 σύνθετον,
873 486 1025 558 δείκνυσιν
1041 487 1060 558 ὁ
1077 487 1183 564 τόνος.

47 609 106 678 Εἰ
132 605 224 702 γὰρ
248 607 284 688 ήν
305 603 349 676 τό
374 604 614 700 ἀγκυλοχείλης
635 605 801 690 σύνθετον,
819 602 959 701 ὤφειλεν
976 599 1065 696 ὀξείᾳ
1086 598 1183 674 τείσει

47 719 420 821 παραλαμβάνεσθαι.
469 718 608 802 Ἐπειδή
632 717 685 790 οὐν
708 722 763 790 οὐκ
786 717 943 814 ὀξύνεται,
965 715 1055 790 ἆλλό
1079 719 1183 816 βαρύ-

48 871 169 922 νεται,
194 839 256 908 οὐκ
279 834 344 933 ἄρα
366 836 441 906 ἐστί
466 835 620 907 σύνθετον
637 834 727 906 ἀλλὰ
745 837 1003 933 παροσύνθετον.
1046 834 1132 907 Ὅτι
1150 833 1185 906 δέ

48 958 83 1024 εί
107 955 153 1037 ήν
181 953 348 1023 σύνθετον
366 949 508 1047 ὤφειλεν
524 947 704 1045 ὀξύνεσθαι,
723 949 821 1034 δῆλον
837 952 990 1022 ἐντεῦθεν.
1041 947 1099 1021 Τὰ
1116 947 1211 1028 ἆπό5

48 1075 126 1140 τῶν
157 1071 216 1145 εἰς
238 1095 278 1137 ox
299 1066 473 1164 οὐδετέρων
498 1070 541 1144 είς
564 1097 607 1137 nx
631 1068 784 1160 γινόμενα
810 1069 949 1139 σύνθετα
974 1065 1057 1138 τότε
1081 1067 1185 1163 βαρύ-

52 1215 201 1265 νονται,
224 1183 307 1254 ὅταν
322 1183 505 1280 ιύσιξκύρια,
529 1180 598 1254 οἷον
620 1183 734 1260 σθένος
753 1184 973 1268 Δημοσθένης,
993 1183 1086 1275 γένος
1104 1183 1185 1253 Διο-

55 1303 177 1393 γένης,
201 1310 303 1376 νεῖκος
326 1299 532 1384 Πολυνείκης,
553 1299 647 1375 κλέος
668 1298 856 1396 Ἠρακλέης
879 1299 930 1368 καί
957 1297 1042 1370 κατὰ
1068 1300 1184 1394 κρᾶσιν

52 1417 255 1514 Ἡρακλῆς
284 1414 541 1513 περισπωμένως,
567 1415 619 1484 καί
648 1407 730 1486 όταν
754 1414 833 1487 ιδσιν
858 1413 927 1486 ὐπό
951 1410 1184 1512 τρισυλλόβου

60 1532 254 1627 οὐδετέρου
270 1531 420 1616 σύνθετα,
438 1528 507 1602 οἷον
524 1531 687 1627 στέλεχος
706 1530 912 1627 εὐστελέχης,
933 1531 1073 1624 μέγεθος
1094 1561 1184 1614 παμ-
1196 1561 1231 1602 ιο

59 1649 234 1741 μεγέθης,
259 1647 311 1718 καί
337 1647 418 1718 όταν
443 1645 511 1717 ἆπό
534 1643 740 1734 δισυλλάβου
763 1645 931 1744 οὐδετέρου
949 1648 1011 1718 ιδσι
1032 1646 1182 1729 σύνθετα,

60 1765 223 1859 ἔχοντος
252 1763 284 1833 ἐν
307 1767 349 1856 τῇ
375 1763 618 1859 παραληγούση
643 1753 686 1834 τό
713 1792 746 1845 ιι,
773 1763 1012 1860 ἐπιφερομένου
1039 1764 1182 1859 ὀφόνου,

64 1877 141 1950 οἷον
161 1889 268 1962 κήτος
286 1881 480 1970 μεγακήτης,
497 1879 574 1960 ήθος
590 1883 755 1963 κακοήθης,
771 1889 871 1962 μῆκος
887 1880 1049 1962 ἐπιμήκης·
1075 1884 1183 1952 ταῦτα

66 1993 143 2092 γὰρ
163 1992 240 2066 ἆπό
257 1990 463 2082 δισυλλάβου
485 1993 654 2094 οὐδετέρου
676 1999 719 2072 είς
737 2025 756 2066 x
773 1997 922 2078 σύνθετα,
940 1997 1077 2093 ἔχοντος
1096 1992 1183 2067 κατὰ

70 2111 135 2192 τήν
163 2113 431 2205 παραλήγουσαν
454 2108 498 2180 τό
524 2141 557 2193 n,
582 2113 820 2209 ἐπιφερομένου
846 2113 988 2208 ἀφώνου.
1037 2109 1124 2181 Ἐὰν
1149 2109 1230 2200 δέι5

70 2223 179 2308 μηδὲν
196 2227 232 2295 ἐκ
247 2227 371 2296 τούτων
387 2231 452 2296 τῶν
468 2231 568 2323 τριῶν
584 2227 697 2322 ἔχωσι,
714 2225 871 2296 τουτέστι
897 2229 981 2308 μήτε
1002 2225 1093 2320 κύρια
1110 2227 1183 2308 ιόσι,

74 2344 165 2422 μήτε
183 2337 254 2411 ἆτό
270 2337 503 2436 τρισυλλόβου
519 2339 688 2437 οὐδετέρου
704 2341 854 2422 σύνθετα,
873 2343 957 2422 μήτε
979 2338 1047 2411 ἆπό
1071 2339 1184 2411 δισυλ-

76 2453 195 2544 λάβου
221 2455 389 2554 οὐδετέρου
413 2457 689 2555 παραληγομένου
712 2463 775 2528 τοῦ
795 2487 817 2528 n
834 2457 1073 2555 ἐπιφερομένου
1089 2456 1184 2555 ὀφιό-

80 2601 147 2657 νου,
173 2571 343 2666 ὀξύνεσθαι
371 2573 532 2655 θέλουσιν,
558 2569 627 2643 οίον
651 2563 744 2657 μένος
768 2575 904 2659 εὐμενής,
930 2575 1023 2666 γένος
1048 2575 1182 2666 εὐγενής,

82 2684 166 2766 εἶδος
195 2687 346 2771 δυσειδής,
375 2690 469 2765 κλέος
498 2687 660 2773 δυσκλεής,
690 2699 802 2785 τεῖχος
832 2692 987 2786 εὐτειχής,
1014 2691 1095 2786 (ἔχει
1125 2689 1232 2773 μένοο

83 2801 152 2900 γὰρ
178 2811 285 2878 τοῦτο
312 2803 443 2902 ἄφωνον
468 2805 716 2903 ἐπιφερόμενον,
742 2804 828 2902 φημί
855 2803 892 2886 δή
917 2801 960 2874 τό
986 2834 1018 2886 x,
1045 2805 1121 2874 ἀλλ’
1148 2807 1185 2874 οὐ

86 2925 320 3016 παραλήγεται
343 2925 391 3011 τῷ
411 2924 461 3015 3,)
479 2918 569 3003 δηνός
590 2911 748 3003 δυσδηνής,
768 2918 873 3010 (δήνεα
898 2918 931 2990 δὲ
954 2920 1017 2991 εἶσί
1040 2916 1085 2991 τὰ
1104 2921 1185 3007 βου-

85 3037 262 3125 λεύματα)
296 3043 400 3110 τοῦτο
430 3041 663 3134 παραλήγεται
693 3035 751 3119 μὲν
779 3041 828 3126 τῷ
864 3065 897 3117 ιι,
927 3036 1003 3106 ἀλλ’
1032 3037 1087 3106 οὐκ
1115 3037 1184 3132 ἔχει

87 3149 325 3251 ἐπιφερόμενον
358 3151 501 3250 ἄφωνον,
534 3151 578 3225 τό
617 3150 686 3248 γὰρ
719 3181 741 3223 ιι
775 3152 940 3248 ήμίφωνον
974 3153 1077 3238 ἐστίν,
1111 3155 1186 3230 ἔτος

88 3263 201 3353 διετής,
227 3270 367 3366 τριετής,
393 3266 533 3363 ἐξαετής·
563 3273 671 3340 ταῦτα
698 3265 732 3338 δέ
757 3272 842 3365 φημι
864 3265 909 3338 τὰ
932 3266 1023 3364 παρὰ
1046 3268 1088 3339 τό
1110 3270 1232 3350 έποςυς

91 3389 165 3482 παρ’
196 3390 270 3467 ήμῖν
302 3383 360 3468 μέν
386 3383 553 3478 ὀξύνονται
587 3381 672 3454 κατὰ
705 3382 766 3454 τόν
800 3382 1030 3481 προειρημένον
1059 3382 1186 3464 κανόνα,

93 3500 179 3598 παρὰ
214 3501 248 3571 δέ
280 3511 352 3578 τοῖς
385 3501 570 3582 Ἀθηναίοις
602 3500 810 3596 βαρύνονται·
850 3499 883 3568 οί
914 3495 982 3594 γὰρ
1014 3495 1186 3577 Ἀθηναῖοι

93 3611 193 3701 διέτης
231 3617 362 3714 τριέτης
402 3613 533 3710 ἐξαέτης
575 3617 711 3707 λέγουσι
755 3613 953 3710 βαρυτόνως,
988 3612 1105 3694 ὁμοίως
1138 3617 1188 3702 τῷ

94 3730 223 3816 εὐνέτης,
234 3733 367 3815 οίκέτης,
380 3731 413 3820 (ὃ
424 3732 568 3814 σημαίνει
582 3729 642 3802 τόν
653 3730 795 3825 δοῦλον,)
806 3727 857 3798 καί
870 3728 985 3810 ἱκέτης,
997 3727 1031 3818 (δ
1042 3729 1200 3811 σημαίνει

94 3843 148 3916 τόν
164 3852 431 3945 παρακλήτορα,)
445 3843 474 3917 εί
488 3848 539 3918 καί
556 3854 663 3918 ταῦτα
681 3849 724 3922 είς
735 3846 795 3928 τήν
809 3875 848 3915 ος
863 3843 1055 3940 δίφθογγον
1073 3845 1186 3941 έχουσι
1198 3875 1237 3932 30

96 3962 149 4042 τήν
166 3965 303 4056 γενικήν,
320 3970 385 4034 τῶν
408 3962 499 4060 παρὰ
520 3961 563 4034 τό
588 3964 663 4039 ἔτος
680 3965 722 4038 είς
740 3991 800 4032 οτι
818 3961 916 4042 αὐτήν
933 3959 1085 4056 ἐχόντων.
1137 3960 1188 4030 Οὐ

98 4077 189 4154 μόνον
206 4077 240 4150 δέ
257 4079 330 4176 περί
348 4077 409 4150 τόν
424 4077 522 4150 τόνον
539 4078 712 4149 πταίουσιν
727 4079 760 4146 οί
776 4075 930 4147 Ἀττικοί
947 4087 1018 4152 τοῖς
1035 4074 1127 4173 παρὰ
1145 4074 1189 4146 τό

98 4191 164 4271 ἔτος
180 4193 367 4292 βαρυτόνως
388 4191 482 4278 αὐτὰ,
500 4191 591 4264 ἀλλὰ
614 4193 666 4262 καί
691 4191 766 4290 περί
791 4192 851 4274 τήν
872 4191 992 4276 κλίσιν,
1010 4191 1080 4261 οἷον
1097 4189 1191 4261 δωδε-

101 4309 202 4379 καέται
224 4307 291 4405 γὰρ
315 4309 452 4401 λέγουσι
475 4309 535 4390 τήν
558 4309 679 4380 εὐθεῖαν
698 4311 763 4379 τῶν
780 4311 1013 4390 πληθυντικῶν,
1032 4306 1100 4378 ότό
1119 4309 1191 4377 ι’σο-

101 4421 267 4513 συλλόβου
291 4425 424 4501 κλίσεως
449 4424 633 4507 ποιούμενοι
664 4423 772 4506 αὐτήν,
797 4421 911 4519 ιίίσπερ
935 4423 955 4492 ό
980 4422 1105 4507 οἰκέτης
1127 4427 1236 4502 πού35
