2982 5022
493 333 813 395 ιιεοκειοιυενκ.
1182 352 1203 420 3

110 499 274 581 νοήθησαν·
300 498 345 570 τά
366 498 401 570 δὲ
421 502 464 578 είς
484 501 596 598 χρείαν
612 501 830 584 ίπινοοόμενα,
849 499 981 598 θειότερα
998 497 1203 597 ὑπάρχουσιν

110 613 224 687 ε’κείνινν
247 615 291 686 ὢν
320 613 420 712 χάριν
442 617 608 700 ε’πενοήθη·
640 616 719 700 οἷον,
746 620 789 694 είς
815 617 929 714 χρείαν
952 622 1015 688 τοῦ
1038 617 1204 704 βασιλέως

109 729 324 814 ἐπενοήθησαν
345 733 380 802 οί
402 729 574 829 άρχοιτες,
599 731 650 804 καί
674 733 733 814 τήν
756 735 889 830 πράτην
911 729 1008 825 τάξιν
1031 733 1144 830 φίρειν
1167 736 1204 804 οῦ

109 841 262 918 θείνονται·
281 847 334 918 καί
352 843 455 918 πάλιν
470 846 514 919 τῦ
530 844 663 930 ἱμάτιον
678 847 721 920 τά
739 851 782 924 είς
797 847 910 944 χρείαν
922 845 1010 924 τινὸς
1026 847 1203 934 ε’τινοηθίν,

107 957 251 1058 θείτερου
276 963 370 1034 ἐστίν
394 963 518 1040 οῦτινος
543 960 642 1062 χάριν
667 965 832 1048 ἐπενοήθη.
877 961 930 1034 Τὸ
948 962 983 1034 δὲ
999 965 1102 1046 ὄνομα
1119 981 1231 1062 προ-5

107 1079 221 1174 τερεόεε
238 1085 301 1150 τοῦ
316 1081 473 1176 ῥήματος,
486 1078 594 1162 ίπειθή
610 1077 653 1152 τά
670 1078 728 1164 μὲν
742 1081 845 1164 ὄνομα
863 1079 974 1158 οὐσίας
989 1079 1064 1151 ἐστὶ
1081 1111 1204 1166 σημαν-

105 1191 202 1278 τικόν,
217 1193 263 1266 τά
282 1193 419 1290 άίρἣμα
436 1195 698 1284 συμβεβηκότος·
725 1201 760 1268 αί
782 1195 817 1268 δὲ
839 1197 945 1268 οῦσίαι
969 1198 1202 1294 προτερεόονσι

718 1309 896 1409 Σωκράτης
925 1313 1112 1410 προτερεόει
1141 1320 1204 1386 τοῦ

104 1422 248 1523 γράφειν
265 1425 366 1499 αῦτάν
385 1427 438 1498 καί
459 1433 522 1498 τοῦ
542 1428 688 1500 τύπτειν·
716 1428 845 1505 εἰκότως
868 1425 922 1500 οῦν
944 1427 997 1498 καί
1022 1425 1064 1498 τὸ
1088 1428 1202 1512 ὄνομα,

102 1542 140 1618 ὃς
155 1541 358 1626 σημαντικόν
372 1540 524 1642 ῦπάρχον
538 1551 597 1626 τῆς
617 1545 739 1629 οὐσίας,
756 1543 944 1640 προτερεόει
965 1549 1027 1616 τοῦ
1045 1546 1202 1638 ῥήματος,
1215 1577 1251 1617 10

101 1665 161 1729 τοῦ
170 1664 373 1742 σημαντικοῦ
388 1654 597 1754 ὑπάρχοντος
610 1659 871 1747 συμβεβηκότος.
891 1657 994 1731 Κατὰ
1008 1657 1155 1755 δεύτερον
1169 1658 1203 1734 άί

101 1774 208 1868 λόγον
223 1775 413 1872 προτιρειίει
436 1771 480 1846 τά
501 1774 605 1857 ὄνομα
621 1781 683 1846 τοῦ
697 1779 857 1872 ῥήματος,
874 1773 928 1846 ότι
952 1772 995 1846 τὸ
1018 1773 1076 1858 μὲν
1099 1775 1202 1858 ὄνομα

100 1899 295 1988 σικαναιρεῖ,
310 1888 355 1962 τά
371 1889 405 1962 δὲ
420 1893 508 1986 ῥῦμα
524 1889 803 1989 συν(αν)αιρεῖται·
820 1891 873 1964 καί
891 1887 959 1987 Ιγὰρ
977 1889 1204 1986 άναιρουμάνου

102 2004 307 2104 Σωκράτους,
321 2007 587 2104 συν(αν)οιρεῖται
599 2007 652 2078 καί
669 2005 712 2079 τά
726 2005 870 2105 γράφειν
884 2004 984 2078 αὑτὸν
995 2007 1049 2078 καί
1064 2004 1106 2078 τὸ
1118 2005 1203 2078 τόπ-

100 2149 176 2195 τειν·
199 2121 246 2196 τά
264 2121 299 2195 δὲ
316 2129 566 2219 συναναιροῦντα
583 2125 770 2221 προτερεόει
788 2129 853 2196 τῶν
870 2122 1200 2219 συν(αν)αιρουμίνεον·
1216 2151 1249 2216 15

100 2238 178 2322 οἷον,
194 2237 240 2312 τῦ
256 2238 402 2310 καθόλου
417 2236 526 2334 φυτόν
542 2240 729 2336 προτερεάει
746 2247 806 2322 τῆς
821 2239 942 2315 ε’λαίας·
960 2239 1012 2308 καί
1030 2235 1099 2334 γάρ
1113 2237 1203 2308 άναι-

27 2366 59 2431 31
74 2354 256 2451 θρουμίνου
275 2358 338 2426 τοῦ
356 2353 502 2424 καθόλου
523 2359 644 2448 φυτοῦ,
661 2363 898 2451 συναναιρεῖται
915 2353 968 2424 καί
985 2356 1004 2436 ή
1025 2353 1131 2424 ε’λαία·
1157 2351 1202 2436 μή

99 2470 196 2547 ὄντος
211 2467 282 2566 γάρ
298 2473 409 2566 φυτοῦ
428 2473 495 2546 πῦς
515 2467 646 2542 όόναται
670 2469 749 2542 εἶναι
773 2475 791 2553 ή
815 2472 929 2555 ίλαία;
959 2478 1018 2554 τῆς
1035 2467 1071 2540 δὲ
1091 2469 1202 2546 ε’λαίας

98 2585 335 2682 άναιρουμίυης,
345 2586 401 2656 οῦκ
413 2584 591 2681 άναιρεῐτοι
603 2583 647 2656 τά
660 2585 805 2658 καθόλου
814 2585 932 2682 φυτόν·
952 2585 1015 2658 είσί
1029 2583 1097 2682 γὰρ
1109 2582 1201 2656 άλλα

99 2699 193 2796 φυτά
209 2697 303 2797 παρά
319 2699 379 2782 τήν
394 2699 516 2782 ε’λαίαν,
534 2698 604 2770 οἷον
621 2697 779 2786 ἄμπελος,
796 2707 886 2783 συκῆ,
902 2701 956 2772 καί
978 2699 1023 2772 τά
1046 2705 1199 2772 τοιαῦτα·
1212 2737 1249 2777 20

96 2815 199 2894 οῦτιος
215 2813 271 2887 οῦν
286 2816 338 2888 καί
360 2821 419 2899 τῆς
439 2815 549 2892 οάσίας
565 2815 800 2911 άναιρουμίνης,
818 2826 1056 2913 συναναιρεῖται
1079 2815 1132 2886 καί
1154 2813 1200 2888 τά

96 2932 350 3020 συμβεβηκότα·
379 2932 433 3004 καί
462 2927 531 3028 γάρ
559 2932 788 3028 άναιρουμίνου
818 2929 1023 3029 Σωκράτους,
1053 2961 1201 3002 συναναι-

97 3059 205 3146 ρεῖται
228 3048 281 3119 καί
307 3045 350 3120 τά
372 3043 517 3144 γράφειν
539 3043 639 3118 αὑτὸν
660 3047 713 3116 καί
737 3044 780 3118 τά
805 3047 950 3119 τάττειν·
976 3044 1096 3120 τῶνδὲ
1119 3075 1201 3130 συμ-

97 3163 293 3252 βεβηκότων
308 3163 539 3260 άναιρουμίυιυν
552 3162 607 3234 οῦκ
623 3161 801 3258 ἀναιρεῖται
821 3166 838 3244 ή
856 3163 962 3236 οῦσία·
981 3161 1113 3234 θάνατοι
1131 3158 1200 3256 γάρ

95 3284 114 3352 ά
133 3279 314 3380 Σωκράτης
324 3285 460 3378 ήρεμεῐν,
473 3280 525 3351 καί
542 3282 627 3362 μήτε
643 3276 788 3376 γράφειν
803 3284 888 3364 μήτε
903 3281 1050 3352 τάττειν.
1080 3278 1198 3350 Ταῦτα
1211 3303 1247 3364 25

92 3397 216 3494 ἔχομεν
238 3399 338 3468 εἰπεῖν
362 3397 437 3493 περὶ
461 3403 521 3478 τῆς
544 3391 668 3489 τάξεως
692 3395 806 3477 αότῶν,
835 3393 890 3466 ὅτι
915 3393 959 3466 τό
985 3394 1089 3477 ὄνομα
1114 3425 1200 3492 προ·

95 3511 216 3610 τερεόει
232 3517 296 3582 τοῦ
310 3514 467 3607 ῥήματος·
489 3511 522 3582 όν
539 3510 587 3588 οῖς
604 3513 622 3593 ή
638 3507 758 3608 πράξις
775 3510 878 3582 ἐστίν.

404 3622 551 3680 ἀκολούθως

136 3695 322 3780 Ἐλθωμεν
339 3695 392 3768 οῦν
408 3696 538 3792 ςζκότιος
557 3695 608 3766 κοί
632 3693 770 3781 εἴπωμεν
792 3695 830 3768 τί
851 3696 944 3766 ἐστιν
968 3693 1083 3778 ὄνομα,
1100 3724 1200 3766 τουτ-

96 3814 191 3884 έστιν
206 3809 269 3884 τόν
285 3811 363 3912 ὅρον
380 3819 441 3884 τοῦ
458 3812 630 3894 ὀνόματος.

137 3929 276 4014 Ὀνομο
299 3931 406 4002 τοίνυν
427 3929 519 4000 ε’στίν
540 3929 639 4026 μέρος
658 3927 767 4022 λόγου
783 3925 959 4012 πτωτικόν,
976 3923 1117 3997 ἑκάστου
1133 3931 1198 3998 τιῦν
1208 3957 1248 4016 30

95 4047 308 4130 ὑποκειμένων
333 4043 492 4130 σωμάτιον
521 4044 540 4128 ή
570 4041 780 4142 πραγμάτων
805 4043 910 4126 κοινήν
934 4041 953 4126 ή
980 4041 1061 4114 ι’ὃίαν
1086 4044 1199 4114 οῦσίαν

97 4159 225 4230 ἀπονέμω

98 4243 266 4316 σημαῖνον.
286 4242 305 4272 “
313 4229 428 4328 Μέρος
438 4231 565 4324 λόγον”
575 4231 785 4327 πρόσκειται,
795 4227 903 4312 ἐπειδή
916 4230 1035 4325 ἔχομεν
1048 4228 1101 4300 ὅτι
1115 4229 1197 4326 μίρη

98 4347 282 4439 τοῦλόγου
297 4344 593 4432 εἰσίνόκτιῦ,τῦθὲ
609 4346 713 4429 ὄνομα
729 4344 764 4415 ἓν
780 4345 814 4414 ἐκ
830 4349 896 4416 τῶν
913 4344 998 4416 ὀκτιῦ
1015 4349 1120 4441 μερῶν
1136 4350 1199 4415 τοῦ

96 4461 204 4554 λόγου
226 4462 311 4534 ε’στί·
338 4471 361 4505 “
374 4459 557 4534 ττωτικόν”
574 4459 620 4548 δὲ,
636 4459 680 4531 τὸ
703 4462 847 4536 πτώσεις
862 4457 1103 4556 ἐπιδεχόμενον·
1128 4458 1197 4552 ἔχει

617 4593 637 4636 B
653 4591 670 4640 2
