2954 5024
379 339 447 400 ΕΙΣ
470 337 526 400 ΤΟ
549 333 844 398 ΟΝΟΜΑΤΙΚΟΝ.
1100 343 1160 394 201

28 509 272 594 δασυνομίνης
289 505 477 602 φιλοῦσθαι
495 510 514 590 ή
531 505 649 600 γενική,
667 505 749 602 ὅπερ
766 502 858 575 ἐστίν
875 499 1015 575 ἄτοπον.
1055 501 1124 572 Καί
1142 503 1161 584 ή

30 626 103 710 μὲν
135 627 246 698 εὐθεῖα
272 623 454 706 δασιίνεται,
471 620 580 704 ἐπειδή
601 623 666 698 πᾶς
689 613 827 716 ἀριθμάς
851 613 920 710 ἀπά
940 623 1001 690 τοῦ
1019 647 1038 689 ιι
1056 617 1163 715 ἀρχό·

10 767 150 826 ,μενος
177 739 373 812 δασύνεσθαι
400 738 500 826 θελει,
526 735 597 808 οἷον
623 734 672 832 ἓξ,
699 733 799 822 ίπτά,
822 737 866 806 ἕν·
904 731 1004 812 οὕτως
1030 730 1084 804 οὖν
1108 732 1160 802 καί

35 856 89 928 τὸ
124 852 186 934 εἷς.
239 856 302 926 Δεῖ
328 858 521 952 προσθεῖναι
548 863 568 896 “
581 853 680 950 χωρίς
703 857 767 925 τοῦ
791 851 892 922 ε’ίκοσι
917 849 970 920 καί
994 849 1091 934 ε’ννέα,
1108 847 1160 919 καί

35 979 116 1044 τῶν
136 973 222 1069 παρ’
232 971 362 1055 αι’κταῦ,”
372 967 441 1041 οἷον
457 969 588 1047 ἔννατος
604 965 722 1046 ίννάκις
738 969 949 1052 ἐννενήκοντα·
967 971 1075 1037 ταῦτα
1092 961 1187 1061 γάρ5

40 1086 257 1181 φιλοῦνται.
283 1085 491 1184 Πράσκειται
506 1081 604 1156 “ἀπδ
617 1090 680 1158 τοῦ
694 1115 713 1156 ε
727 1083 925 1182 ἀρχόμενος”
939 1078 991 1152 διά
1003 1077 1065 1152 τάν
1075 1077 1160 1152 ἀκτιά

40 1203 212 1302 ἀριθμὸν,
229 1203 324 1280 οὗτος
340 1199 409 1299 γάρ
427 1197 605 1294 ψιλοῦται·
626 1202 645 1282 ή
664 1197 698 1272 δὲ
715 1199 823 1294 γενική
840 1195 910 1294 εἶχε
927 1193 1115 1290 φιλοῦσθαι
1133 1195 1163 1266 εί

39 1321 168 1403 ἐκλίθη
187 1316 240 1391 διά
256 1324 318 1391 τοῦ
334 1347 387 1400 ιιι,
400 1314 508 1399 ἐπειδὴ
521 1313 564 1388 τά
583 1347 614 1402 ιι,
628 1313 687 1412 (εί)
700 1318 882 1408 καταλήγει
900 1315 943 1390 είς
956 1343 989 1395 ιι,
1002 1313 1162 1410 ε’πιφερο-

41 1435 153 1519 μένου
169 1437 347 1531 συμφώνου
365 1439 424 1516 τῆς
444 1433 559 1530 τρίτης
583 1427 737 1530 συζυγίας
761 1435 827 1502 τῶν
843 1427 1045 1526 βαρυτόνων,
1062 1457 1162 1498 ποικι-

43 1551 129 1622 ἐστι
149 1547 195 1621 τά
213 1579 232 1620 Δ
248 1549 267 1632 ή
286 1579 306 1621 ο
325 1549 343 1632 ή
360 1579 390 1632 τ,
409 1545 598 1641 φιλοῦσθαι
618 1548 716 1630 θίλει,
734 1543 803 1618 οίον
822 1545 922 1628 ἔνδον,
944 1545 1031 1616 ἔνθα.
1082 1541 1209 1614 ’Eu-10

44 1670 165 1737 ταῦθα
179 1664 229 1737 δεῖ
243 1669 435 1763 προσθεῖναι
450 1663 574 1760 ’(χωρίς
591 1666 620 1734 εί
634 1663 678 1746 μή
704 1664 736 1733 ἐν
751 1666 875 1760 ῥήματι
894 1661 912 1744 ή
930 1659 998 1731 ἀπά
1013 1663 1162 1756 ῥήματος

46 1783 199 1878 εὖρεθῇ,”
218 1779 287 1852 οἷον
304 1777 357 1851 διά
374 1777 417 1851 τά
435 1781 523 1864 ἕντο,
540 1783 580 1855 ὡς
596 1779 639 1852 τὸ

180 1907 262 1979 αι’σδρ
275 1905 331 1961 ἐπεὶ
342 1907 437 1962 πόσιος
450 1907 492 1960 καί
505 1905 611 1975 ε’δητίιος
625 1909 654 1978 ίξ
667 1907 727 1978 ἔρον
740 1905 806 1972 ἕντο,

48 2017 163 2082 τοῦτο
193 2008 260 2106 γάρ
290 2007 472 2081 δασύνεται.
535 2007 650 2080 Ἀλλά
676 2011 764 2106 ῥῆμα
790 2010 893 2094 ἐστίν,
913 2007 983 2080 ἀπὸ
1009 2007 1078 2106 γὰρ
1100 2015 1162 2080 τοῦ

48 2129 124 2208 ’ίημι
151 2125 283 2218 ἐγένετο
308 2123 377 2208 ήσαι
399 2125 418 2195 ὁ
444 2125 575 2208 μελλιον
600 2125 651 2197 καί
674 2127 693 2197 ὁ
719 2125 755 2215 β’
773 2123 933 2221 ἀόριστος
957 2122 1209 2222 ἐνεργητικδςι5

52 2241 103 2323 ἦν,
121 2241 157 2310 ἐκ
172 2241 295 2312 τοιίτου
319 2241 338 2310 ὁ
355 2241 456 2324 μίσος
472 2240 507 2328 β’
525 2241 685 2339 ἀόριστος
701 2244 778 2325 ἕμην
795 2242 860 2311 ἔσω
876 2240 1017 2324 ίτο,’καί
1039 2237 1161 2311 λοιπάν

52 2355 99 2430 τά
124 2357 243 2454 τρίτον
262 2356 444 2452 πρόσωπον
459 2361 525 2428 τῶν
542 2361 764 2440 πληθυντικῶν
781 2359 869 2443 ἕντο,
886 2357 1031 2440 σημαίνει
1058 2354 1093 2427 δὲ
1116 2353 1159 2427 τά

56 2474 230 2568 ἐπλήρουν.
282 2469 490 2568 Πρόσκειται
514 2470 548 2542 δὲ
565 2471 617 2556 “ή
635 2470 703 2546 ἀπὸ
719 2475 898 2569 ῥήματος,”
914 2470 966 2544 διά
991 2471 1052 2556 τήν
1068 2475 1160 2552 ἔντος

55 2587 215 2682 μετοχήν,
232 2584 313 2669 αὕτη
339 2584 410 2685 γὰρ
436 2585 617 2670 δασύνεται,
635 2585 673 2682 ἐξ
695 2589 729 2671 ής
751 2590 803 2660 καί
827 2587 870 2661 τά
890 2589 987 2686 ἀφείς
1003 2589 1159 2688 ἀφέντος·

58 2705 138 2775 ἀλλ’
156 2699 223 2774 ἀπδ
238 2705 385 2800 ῥήματος
401 2704 475 2775 ἐστὶ
491 2709 554 2776 τοῦ
570 2704 606 2786 ήν
620 2710 683 2775 τοῦ
700 2704 795 2781 ὄντος
812 2706 846 2775 ἐκ
865 2711 927 2776 τοῦ
940 2707 1022 2790 ἰἠμι,
1040 2707 1075 2775 αι’
1091 2701 1159 2802 γάρ
1172 2732 1209 2770 20

59 2819 203 2916 μετοχαί
223 2817 291 2890 ἀπά
320 2816 473 2916 ῥημάτων
496 2820 588 2891 είσίν.
639 2818 689 2890 E?
711 2819 843 2911 ἐγένετο
870 2815 933 2901 οὖν,
956 2821 996 2896 ὡς
1023 2819 1160 2916 ε’ίρηται,

60 2933 103 3013 εἷς
118 2936 218 3018 ἔντος,
236 2937 254 3016 ή
272 2935 380 3026 γενική
397 2931 586 3028 ψιλοῦσθαι
605 2937 701 3017 ήθελε
716 2943 775 3019 τῆς
795 2936 915 3014 εὐθείας
937 2934 1159 3022 δασυνομίνης,

62 3052 144 3148 ὅπερ
160 3050 251 3122 ἐστίν
267 3048 398 3122 ἀτοπον
414 3052 466 3122 καί
491 3049 660 3124 ἀδύνατον.
712 3052 784 3123 Ἀεί
809 3049 888 3149 γάρ,
905 3053 945 3130 ὡς
962 3053 1097 3150 ε’ίρηται,
1114 3050 1159 3124 τά

62 3168 227 3249 πνεύματα
260 3171 325 3238 τῶν
354 3168 478 3238 εὐθειῶν
507 3163 742 3264 φυλάττεσθαι
776 3168 909 3240 θελουσι
944 3169 996 3239 καί
1026 3170 1058 3240 ἐν
1087 3179 1161 3246 ταῖς

63 3293 192 3359 λοιπαῖς
224 3284 383 3354 πτώσεσι·
412 3280 464 3352 διά
493 3287 598 3354 τοῦτο
632 3279 686 3353 οὖν
714 3280 934 3371 ἀπεβάλλετο
967 3283 1010 3356 τὸ
1044 3315 1073 3368 π,
1107 3287 1158 3357 καί
1171 3313 1187 3352 2
1190 3304 1208 3370 5

65 3400 192 3493 ἐγίνετο
208 3396 285 3482 ἔνάς,
301 3400 353 3470 ’ίνα
371 3399 488 3482 δμοίως
503 3404 546 3494 τῇ
564 3399 667 3489 εάθείᾳ
686 3397 826 3494 δασυνθῇ
843 3401 895 3470 καί
913 3404 931 3482 ή
949 3405 1067 3493 γενική.

105 3515 203 3592 Ἴσιος
226 3513 262 3585 δέ
284 3545 336 3590 τις
361 3513 521 3611 ἀπορήσει
547 3514 600 3584 καί
624 3512 676 3585 διὰ
696 3516 795 3586 ποίαν
812 3516 920 3586 αἰτίαν
934 3517 979 3598 μή
995 3513 1038 3586 τά
1057 3545 1078 3586 ιι
1096 3517 1160 3586 ἀπ-

66 3633 203 3719 ίβαλλεν
223 3627 314 3701 ἀλλὰ
336 3627 379 3701 τά
402 3655 431 3700 τ·
457 3628 541 3727 πρὸς
567 3631 619 3707 οὓς
648 3629 802 3723 λε’γομεν,
829 3631 883 3703 δτι
912 3633 966 3701 οάκ
995 3631 1159 3728 ἐνδέχεται

68 3756 164 3830 μεῖναι
179 3742 222 3815 τά
239 3773 270 3815 υ.
323 3742 428 3813 Πᾶσα
455 3742 522 3841 γὰρ
550 3745 657 3836 γενική
679 3744 730 3816 διά
753 3753 815 3816 τοῦ
837 3777 898 3818 τοι
914 3748 1083 3832 κλινομὲνη
1100 3745 1160 3819 τάν

69 3862 181 3958 χρόνον
208 3869 267 3942 τῆς
293 3860 412 3936 ειίθείας
440 3860 527 3930 θέλει
555 3857 750 3957 φυλάττειν,
780 3860 850 3934 οἷον
875 3863 977 3952 λέβης
1003 3865 1209 3953 λίβητος,3ο

69 3980 140 4070 ἔρως
153 3976 279 4072 ἔρωτος,
298 3973 391 4072 ίδριάς
407 3973 554 4072 ἱδρῶτος,
571 3981 758 4073 χαλκοκρᾶς
783 3977 1024 4076 χαλκοκράτος.
1073 3980 1161 4052 Ἰδοά

70 4097 169 4162 ταῦτα
184 4089 354 4188 ἐφύλαξαν
370 4091 430 4173 τήν
446 4088 572 4188 μακρὰν
584 4099 643 4174 τῆς
660 4093 778 4169 εὐθείας
795 4093 827 4162 ἕν
838 4097 881 4186 τῇ
900 4101 1019 4187 γενικῇ.
1047 4093 1160 4165 Πάλιν

72 4207 156 4305 κρίας
176 4207 322 4304 κρίατος,
346 4208 440 4295 βῆμα
466 4208 627 4294 βήματος·
652 4205 719 4277 ι’δοὺ
744 4205 846 4278 πάλιν
868 4216 975 4280 ταῦτα
998 4211 1057 4292 τήν
1075 4213 1161 4306 βρα-

74 4333 155 4420 χεῖαν
169 4331 225 4406 τῆς
242 4323 360 4398 εὐθείας
377 4318 589 4419 φυλάττουσι
616 4323 668 4392 καί
695 4324 727 4393 ἐν
743 4328 786 4416 τῇ
805 4332 924 4418 γενική.
976 4327 1038 4394 Δεῖ
1052 4357 1161 4421 προσ-

76 4445 161 4511 θεῖναι
187 4439 317 4535 “χιορίς
345 4443 412 4509 τῶν
441 4441 484 4514 είς
518 4444 740 4534 οὶμετοχῶυ
769 4438 820 4510 καί
854 4445 920 4511 τῶν
948 4441 1206 4536 μετοχικῶν.”35

578 4551 639 4614 nd
