2966 5014
305 291 366 356 18⁶
598 293 800 355 τεοννιοτ
821 293 1113 356 κοινοιιοικυτ
1424 170 1464 370 κί

303 490 358 534 ττι
390 457 442 532 διὰ
468 466 572 534 τοῦτο
604 471 695 534 ποιεῖ
725 460 895 560 ούδετέρου
927 461 1276 560 ταρασχηματισμὰν,
1303 462 1415 547 ε’τειδὶ
1464 502 1465 552 η

304 574 479 649 τευστικὰν
494 577 581 662 ε’στί,
597 574 709 650 πάντα
730 577 825 650 δὲτὰ
842 577 1001 650 πευστικὰ
1024 579 1057 648 έν
1080 579 1247 675 τριγενείᾳ
1275 579 1415 651 θελουσι

304 689 640 791 παραλαμβάνεσθαι,
677 690 747 764 οίον
781 703 877 771 τοῖος
911 695 993 766 ποία
1029 703 1135 776 ποῖον,
1170 693 1282 772 πόσος
1321 695 1416 778 πόση

305 810 425 895 πόσον,
454 809 591 892 πηλίκος
624 810 745 892 πηλίκη
778 810 928 897 πηλίκον,
957 809 1088 886 πόστος
1119 810 1235 892 πόστη
1265 811 1416 890 πόστον,

305 923 456 1002 ποδαπὸς
480 923 615 1008 ποδαπὴ
632 923 795 1007 ποδαπόν,
813 923 915 1002 οὕτως
939 923 994 996 ούν
1008 925 1061 996 καί
1078 926 1097 995 ὁ
1114 924 1167 1001 τίς
1183 928 1202 1006 ἧ
1218 924 1272 1003 τίς
1297 927 1352 996 καὶ
1367 925 1442 999 τὰ5

305 1043 352 1114 τί.
391 1037 506 1112 Πάλιν
522 1041 685 1139 ἀποροῦσι
702 1040 797 1126 τινές,
813 1042 982 1136 λέγοντες,
999 1043 1029 1111 εί
1043 1038 1108 1137 ἄρα
1124 1037 1170 1111 τὰ
1186 1042 1230 1117 είς
1256 1069 1293 1111 1:
1313 1072 1416 1124 μονο-

306 1157 465 1246 σύλλαβα
492 1154 544 1228 διὰ
569 1161 714 1256 καθαροῦ
734 1164 797 1228 τοῦ
819 1188 859 1228 οι
885 1158 1063 1242 κλίνονται,
1089 1153 1159 1227 οἷον
1186 1165 1235 1232 κΐς
1257 1153 1337 1239 κιὰς,
1359 1165 1415 1233 λῖς

305 1270 387 1356 λιὰς,
406 1272 566 1363 (σημαίνει
584 1271 618 1344 δὲ
637 1269 699 1344 τὰν
714 1273 862 1366 λέοντα,)
881 1271 971 1344 διατί
990 1270 1034 1344 τὰ
1055 1301 1110 1344 τιν
1130 1273 1167 1343 ού
1187 1274 1336 1346 κλίνεται
1359 1271 1414 1344 διὰ

305 1392 451 1484 καθαροῦ
466 1393 528 1458 τοῦ
545 1417 597 1474 01,
611 1384 681 1458 οίον
696 1385 779 1474 τιδς,
793 1387 884 1460 ὰλλὰ
900 1389 1009 1472 τινός;
1035 1387 1105 1458 Καί
1122 1389 1215 1459 ἔστιν
1232 1390 1336 1460 εἰπεῖν
1351 1390 1416 1471 τὴν

306 1502 415 1573 αἰτίαν
430 1502 563 1584 ταύτην·
589 1499 634 1573 τὰ
652 1504 695 1580 είς
712 1533 745 1574 ιι
769 1505 1013 1592 μονοσύλλαβα
1033 1501 1158 1601 μακρὰν
1174 1504 1291 1600 έχουσι
1317 1503 1364 1576 τὰ
1388 1535 1412 1584 ι,
1429 1530 1465 1569 ¹0

306 1613 376 1688 οίον
391 1627 448 1700 κΐς,
465 1625 528 1700 λῖς,
545 1615 589 1691 τὰ
606 1616 642 1690 δέ
656 1619 709 1696 τίς
725 1617 839 1717 βραχύ
859 1616 987 1716 ἔχειτὰ
1006 1643 1029 1690 ι·
1055 1617 1163 1702 ἐπειδὴ
1180 1616 1236 1690 ούν
1253 1618 1413 1714 διήλλαξε

306 1733 383 1831 περὶ
411 1731 473 1806 τὰν
501 1733 633 1832 χρόνον,
667 1735 798 1813 εἰκότως
824 1731 981 1829 διήλλαξε
1009 1733 1061 1805 καί
1091 1733 1166 1829 τερί
1200 1733 1262 1816 τὴν
1291 1737 1411 1808 κλίσιν.

308 1849 428 1920 Ταῦτα
444 1847 503 1932 μέν
517 1851 550 1919 έν
566 1851 710 1928 τούτοις.

359 1961 533 2064 Κανονίζει
559 1963 595 2036 δέ
618 1966 637 2034 ὁ
658 1963 808 2062 τεχνικός
827 1963 870 2038 τὰ
895 1963 1005 2062 Πάρις
1028 1961 1187 2061 Πάριδος,
1213 1965 1334 2058 λέγειν,
1357 1967 1412 2038 ὅτι

307 2077 354 2151 τὰ
377 2081 420 2157 είς
443 2107 476 2150 εκ
497 2080 588 2177 κύρια
606 2077 659 2152 διὰ
681 2087 744 2153 τοῦ
767 2109 829 2152 αυτ
851 2082 1028 2162 κλίνονται,
1051 2079 1120 2150 είτε
1141 2079 1296 2176 ἀρσενικὰ
1322 2078 1414 2162 αἷσιν,
1429 2101 1463 2162 ις

197 2218 259 2286 109
274 2222 294 2265 a
310 2195 377 2266 ε’ίτε
419 2194 550 2278 θηλυκὰ,
583 2193 653 2268 οίον
695 2193 806 2294 Πάρις
848 2194 1009 2294 Πάριδος,
1042 2193 1185 2271 Ἀδοινις
1223 2193 1416 2277 Ἀδῶνιδοκ,

311 2310 450 2403 θέογνις
466 2310 653 2404 θεόγνιδος,
668 2309 805 2395 Ἀθῆυκς
827 2310 1008 2395 Ἀθῆνιδος,
1027 2310 1125 2388 θέτις
1147 2308 1296 2394 θέτιδος,
1315 2310 1417 2393 Μέμ-

311 2430 370 2522 φις
387 2425 577 2522 Μέμφιδος,
595 2425 725 2524 Κύπρις
742 2425 923 2524 Κύπριδος.
966 2439 987 2470 “
1002 2426 1130 2523 Κύριο”
1146 2425 1344 2523 προσέθηκε,
1361 2423 1415 2496 διὰ

309 2537 355 2611 τὰ
381 2540 518 2612 ἐτίθετο
543 2542 596 2611 καί
624 2539 670 2612 τὰ
699 2539 942 2640 προσηγορικὰ·
975 2543 1123 2626 ἐπίθετο,
1149 2538 1202 2613 διὰ
1226 2539 1272 2612 τὰ
1296 2540 1414 2626 μάντις

310 2650 456 2738 μάντιος·
483 2654 727 2754 προσηγορικὰ,
745 2657 797 2729 διὰ
821 2656 865 2731 τὰ
890 2659 969 2755 ὄφις
994 2659 1102 2756 ὄφιος.
1153 2655 1284 2728 ’Ῑστέον
1300 2655 1336 2728 δέ
1358 2657 1461 2728 ὅτιεο

310 2769 401 2867 κύρια
423 2768 481 2854 μὲν
498 2771 579 2842 είσίν
595 2770 639 2843 τὰ
665 2773 725 2856 τὴν
748 2772 831 2845 ι’δίαν
853 2774 1053 2856 σημαίνοντα
1077 2772 1199 2855 ούσίαν,
1217 2768 1286 2842 οἷον
1314 2769 1415 2842 Πλά·

310 2917 386 2967 τιον,
405 2883 565 2983 Ὅμηρος·
599 2885 832 2985 προσηγορικὰ
857 2887 903 2974 δέ,
928 2885 973 2960 τὰ
1003 2889 1062 2971 τὴν
1092 2888 1196 2970 κοινίςν
1221 2887 1336 2957 ούσίαν
1361 2885 1415 2970 δη·

311 3007 446 3082 λοῦνται,
473 2997 542 3071 οἷον
566 2999 747 3099 άνθρευκος,
770 3005 884 3082 ἰ’πτος·
915 3005 1051 3076 ἐπίθετα
1075 3002 1120 3088 δέ,
1136 3000 1182 3074 τὰ
1205 3001 1416 3086 ἐπιτιθέμενα

311 3115 429 3211 κυρίοις
454 3115 473 3197 δι
499 3129 768 3216 προσηγορικοῖς,
794 3117 864 3191 οίον
889 3117 1010 3216 σοφὰς,
1029 3117 1145 3214 ταχύς,
1168 3113 1238 3188 οἷον
1259 3118 1279 3187 ὁ
1302 3116 1417 3214 σοφὰς

313 3228 468 3326 Τρύφων,
485 3231 505 3300 ὁ
522 3231 626 3328 ταχύς
639 3234 754 3312 ίττος.
800 3233 919 3306 Τοῦτο
935 3233 994 3317 μέν
1010 3236 1043 3306 έν
1059 3235 1202 3310 τούτοις.
1424 3269 1457 3328 ²5

362 3346 551 3443 Ἀτορούσι
569 3346 604 3418 δέ
625 3379 718 3431 τινες,
742 3349 908 3444 λέγοντες,
931 3351 1020 3426 τίνος
1048 3347 1146 3447 χάριν
1169 3343 1318 3440 συνέμιξε
1344 3356 1417 3424 τοῖς

313 3461 490 3562 ὰρσενικοΐς
512 3463 531 3532 ὁ
554 3459 701 3560 τεχνικός
723 3461 768 3534 τὰ
790 3463 921 3549 θηλυκὰ,
939 3465 972 3535 έν
994 3471 1044 3556 τῷ
1064 3461 1285 3561 προειρημένην
1307 3463 1415 3533 κανόνι

313 3578 411 3648 εἶπάν
429 3589 448 3620 “
462 3577 527 3649 εἴτε
543 3575 694 3675 ἀρσενικὰ
720 3579 799 3649 ιδσιν
823 3579 891 3651 εἴτε
915 3576 1037 3662 θηλυκά
1047 3580 1077 3664 ;”
1107 3577 1177 3648 Καὶ
1194 3579 1289 3648 ἔστιν
1304 3577 1415 3658 είτεῖν,

314 3692 369 3764 δτι
391 3696 410 3773 ἧ
432 3693 512 3774 αὕτη
529 3693 635 3771 κλίσις
657 3693 749 3767 ἐστίν
765 3697 817 3766 ἔπ’
834 3695 1044 3796 ὰμφοτέρων,
1069 3697 1122 3768 καί
1147 3693 1245 3774 αύτὰς
1269 3696 1290 3766 ὁ
1315 3691 1416 3766 κανιέν

313 3811 379 3877 τῶν
401 3809 444 3883 εἷς
470 3835 502 3877 ιν
526 3807 637 3903 κυρίων
663 3815 729 3881 τῶν
754 3840 795 3882 τε
823 3812 996 3910 ὰρσενυιῶν
1024 3813 1076 3884 καί
1107 3815 1259 3894 θηλυκῶν·
1294 3809 1416 3882 τούτου
1421 3844 1458 3900 ³0

314 3915 413 4015 χάριν
437 3917 585 4014 συνέμιξε
609 3933 680 4001 τοῖς
704 3924 884 4022 ἆρσενικοῖς
909 3927 962 3998 καί
987 3925 1032 4000 τὰ
1059 3923 1190 4010 θηλυκά.
1233 3921 1283 3996 Εί
1308 3923 1345 3996 δέ
1365 3955 1415 4002 τις

314 4033 491 4131 ἆπορῆσοι,
517 4035 589 4128 ε’ίγε
613 4039 632 4119 ἦ
657 4039 742 4122 αὖτίς
758 4040 866 4118 κλίσις
892 4041 985 4114 ἐστὶν
1009 4043 1062 4114 ἐπ’
1081 4042 1286 4140 ιἰμφοτέρον
1312 4041 1366 4112 καί
1394 4041 1413 4112 ό

313 4145 410 4225 αύτὰς
435 4149 545 4234 κανιὰν,
565 4149 655 4224 διοτί
675 4152 778 4226 πάλιν
794 4156 827 4226 έν
848 4165 920 4232 τοῖς
946 4161 1093 4241 θηλυκοῖς
1117 4156 1280 4230 έκανόνισε
1304 4153 1351 4228 τὰ
1374 4157 1415 4232 είς

315 4291 348 4334 ιν
365 4261 507 4348 θηλυκά;
548 4263 714 4361 Λέγομεν,
732 4268 787 4341 ὅτι
805 4270 869 4342 έκεῖ
883 4267 974 4342 άλλα
997 4272 1160 4344 έκανόνισε
1180 4271 1234 4342 καί
1251 4269 1297 4344 τὰ
1313 4271 1413 4370 κύρια,

313 4380 353 4458 ὣς
369 4379 471 4453 έκεῖσε
488 4382 654 4474 γενόμενοι
671 4385 901 4468 μαθησόμεθα.
947 4385 1065 4460 Ταῦτα
1081 4386 1140 4474 μέν
1155 4389 1188 4460 έν
1205 4388 1350 4468 τούτοις.
1421 4407 1452 4468 35
