2954 5020
300 314 342 374 60
591 315 793 374 mamm*
812 314 1106 376 xolPonozwr
1417 313 1453 371 h·

300 481 370 554 οἷον
384 485 525 566 κητιῖεις,
544 481 660 578 έριῖεις·
686 483 761 552 ὅθεν
781 480 825 552 τὸ
850 464 1024 577 χαρττφεις
1048 483 1303 576 ἆναλογιέτερον
1327 483 1408 554 έστῖ

299 606 361 669 τοῦ
376 599 500 695 χαρίεις
515 598 792 693 ταραληγόμενον
808 603 859 686 τῷ
876 627 900 666 ι.

350 714 406 785 Τὰ
427 717 471 790 εἰς
489 744 546 784 m
564 711 616 784 διὰ
633 719 696 784 ’τοιῖ
713 742 771 784 ιοι
788 713 966 796 κλίνονται,
983 713 1053 784 οἷον
1065 713 1178 791 Οῖνεῖις
1190 713 1317 794 Οἰνέος,
1330 713 1409 798 Πη-

299 832 371 909 λεὺς
389 831 531 917 Πηλέος,
547 829 705 918 βασιλεὺς
720 831 893 916 βασιλέος,
909 830 1007 926 ῖερκύς
1030 832 1140 926 ῖερέος.
1189 829 1353 903 Ἀττικοὶ
1373 831 1409 902 δὲ

299 955 357 1030 τῆς
382 955 505 1038 γενικῆς
526 947 647 1028 ταθτης
665 945 826 1041 τρέπουσι
851 943 896 1015 τὸ
918 975 937 1014 ο
958 945 1003 1021 είς
1024 975 1059 1028 ιι,
1076 945 1241 1031 βασιλέως
1261 945 1334 1042 γὰρ
1351 947 1433 1028 καῖε

300 1063 434 1145 Πηλέως
449 1063 502 1132 καῖ
519 1062 624 1158 ιἐρέως
644 1061 697 1131 καί
720 1059 909 1156 Ἀχιλλέως
925 1061 1032 1156 φοσῖν
1048 1059 1101 1131 διὰ
1116 1067 1179 1132 τοῦ
1194 1091 1228 1133 ο.
1268 1061 1407 1133 Ἰστέον

300 1175 335 1246 δέ
363 1176 419 1248 ὅτι
448 1183 556 1248 τοῦτο
580 1173 626 1246 τῖι
655 1178 698 1252 εῖς
725 1205 783 1245 m
812 1178 965 1267 λῆγοντα
990 1172 1216 1247 τεντᾶιττωτα
1237 1176 1315 1260 εῖσῖ,
1333 1178 1407 1247 κλί-

301 1321 410 1362 νονται
428 1289 497 1386 γὰρ
514 1288 566 1361 διῖι
583 1297 646 1360 τοιῖ
662 1321 682 1360 ιι
698 1290 751 1360 καῖ
770 1321 789 1360 o
805 1296 925 1375 κοινιῖις,
943 1291 1012 1362 οῖον
1028 1289 1212 1386 Ἀχιλλέος
1227 1292 1406 1378 βασιλέος,

299 1407 352 1478 καῖ
369 1405 422 1478 διὰ
443 1411 506 1476 τοῦ
523 1437 542 1476 ε
558 1406 610 1476 καῖ
628 1435 651 1476 ο
667 1405 842 1489 Ἀττικῶς,
860 1406 930 1477 οῖον
949 1407 1137 1503 Ἀχιλλέως
1158 1407 1336 1494 βασιλέως,
1349 1407 1404 1477 καῖ

299 1522 352 1594 διὰ
376 1528 439 1594 τοῦ
459 1551 482 1592 ιι
506 1522 559 1592 καῖ
586 1554 605 1593 ο
627 1521 719 1619 σαρῖι
744 1533 816 1600 τοῖς
836 1523 988 1619 ἀρχαίοις
1003 1521 1132 1606 Ἴωσιν,
1149 1521 1219 1592 οῖον
1234 1523 1452 1608 βασιλῆοςιο

299 1639 497 1735 Ἀχιλλῆος,
523 1639 640 1722 ὁμοίως
665 1637 700 1709 δέ
727 1640 780 1708 κοῖ
809 1636 901 1734 παρὰ
928 1649 1001 1715 τοῖς
1028 1638 1180 1736 ιἰρχοῖοις
1208 1638 1404 1711 Αῖολειῖσιν·

299 1757 378 1827 ἀλλ’
394 1758 428 1827 οῖ
447 1755 583 1833 Αἰολεῖς
607 1753 911 1854 πραταροξιῖνονσιν
936 1755 1123 1850 Ἀχῖλληος
1146 1755 1198 1826 καῖ
1224 1757 1404 1842 βασῖληας·

299 1871 392 1968 ταρῖι
408 1881 480 1948 τοῖς
500 1871 663 1968 νεωτέροις
678 1871 774 1942 Ἴωσι
793 1868 845 1941 διὰ
861 1877 920 1952 τῆς
937 1899 971 1941 ει
988 1869 1184 1968 θιφθόγγου
1199 1873 1252 1943 καῖ
1271 1904 1302 1954 ο,
1321 1873 1404 1956 οῖον,

296 1985 495 2082 Ἀχιλλεῖος
519 1985 571 2056 καῖ
596 1987 779 2073 βασιλεῖος,
802 1985 920 2067 ὁμοίως
945 1986 998 2055 καῖ
1024 1983 1116 2082 παρὰ
1139 1996 1211 2064 τοῖς
1236 1989 1405 2086 νεωτέροις

300 2101 489 2175 Αῖολεῖσιν.
539 2101 655 2173 Ἀλλὰ
677 2103 730 2172 καῖ
755 2097 857 2172 πάλιν
874 2103 907 2172 οῖ
922 2099 1059 2180 Αῖολεῖς
1083 2103 1449 2201 τραπαροξιῖνουσιν,ι5

298 2217 495 2316 Ἀχίλλειος
516 2219 569 2289 καῖ
591 2219 762 2305 βασίλειος
786 2216 953 2308 λέγοντες·
978 2215 1071 2314 ταρὰ
1088 2215 1123 2289 θὲ
1144 2228 1216 2295 τοῖς
1238 2218 1405 2298 Βοιωτοῖς

300 2333 353 2406 διὰ
374 2341 436 2406 τοῦ
459 2365 470 2405 ι
493 2336 546 2405 καῖ
574 2366 605 2419 ο,
622 2335 692 2407 οἷον
714 2333 896 2430 Ἀχιλλέος
917 2333 1084 2420 βασιλέος.
1136 2333 1303 2406 Τοιοῦτον
1326 2337 1402 2406 ε’στι

213 2451 255 2534 56
269 2448 352 2519 δκοῖ
368 2447 412 2520 τὸ
428 2449 506 2526 Ζεὺς
522 2450 706 2528 Βοιωτικῆς
723 2449 893 2542 γινόμενον
908 2447 994 2521 κατὰ
1018 2449 1080 2533 τῆν
1097 2450 1221 2541 γενικῆν
1238 2448 1322 2528 Διὸς
1348 2448 1402 2522 διὰ

299 2571 361 2635 τοιῖ
384 2594 395 2634 ι
416 2565 468 2635 καί
490 2588 521 2636 ο·
551 2563 594 2636 τὸ
620 2564 688 2662 γὰρ
713 2567 791 2644 Ζεῖις
811 2564 857 2638 τὸ
879 2597 900 2636 Δ
923 2565 1083 2663 τρέπεται
1109 2565 1305 2647 Βοιωτικιῖις,
1331 2564 1404 2635 οῖον

300 2680 405 2764 Ζῆθος
431 2683 552 2767 Δῆθος,
575 2681 664 2772 (ἔστι
685 2681 720 2754 δέ
744 2683 847 2767 ὄνομα
870 2683 1003 2779 κιῖριον,)
1024 2681 1076 2752 καῖ
1099 2679 1143 2752 τὸ
1168 2679 1268 2780 ζυγὸς
1290 2680 1451 2774 δυγὸς,ιο

301 2796 387 2869 οὕτω
411 2797 463 2869 καῖ
488 2795 532 2868 τὸ
555 2796 632 2875 Ζεὺς
654 2797 746 2881 Δεῖις,
769 2799 821 2867 καὶ
844 2794 966 2868 λοιπὸν
988 2793 1057 2866 ἆιτό
1081 2801 1144 2867 τοῦ
1166 2793 1247 2873 Ache
1267 2797 1404 2890 ἐγένετο

300 2917 319 2996 ῆ
336 2915 443 3008 γενικῆ
459 2913 643 2990 ἀκολούθως
659 2911 711 2984 διὰ
727 2919 789 2984 τοιῖ
806 2943 817 2983 1
836 2912 1020 2989 Βοιωτικῶς
1037 2912 1128 2989 Διός·
1150 2909 1193 2983 τὸ
1210 2909 1280 3009 γὰρ
1296 2944 1404 2986 κοινο-

298 3029 522 3112 λεκτοιῖμενον,
539 3033 639 3121 ἤγουν
654 3026 697 3100 τό
722 3027 808 3098 κατὰ
832 3029 893 3111 τῆν
917 3027 1022 3110 κοινῆν
1044 3023 1225 3113 διάλεκτον,
1245 3027 1339 3120 λέγω
1364 3027 1403 3111 ὃῆ

298 3141 342 3216 τὸ
368 3143 455 3226 Ζεὺς,
472 3146 510 3216 οιῖ
532 3145 676 3216 κλίνεται
698 3142 735 3216 δι’
755 3145 863 3216 αἰτίαν
887 3144 1052 3227 τοιαίττην·
1082 3147 1149 3214 πᾶν
1174 3144 1277 3228 ὄνομα
1302 3175 1403 3228 μονο-

301 3260 475 3348 σύλλαβον
491 3262 535 3338 είς
553 3291 570 3331 1
587 3267 705 3352 λῆγον,
723 3257 877 3354 ὀξιῖτονον
891 3255 942 3342 ιῖν,
960 3256 1013 3330 διὰ
1029 3262 1174 3356 καθαροῦ
1189 3265 1252 3330 τοῦ
1272 3289 1314 3330 ox
1330 3243 1451 3342 κλῖ-’νξ

302 3375 444 3460 νόμενον,
460 3373 520 3447 τὸν
536 3374 658 3472 χρόνον
673 3382 732 3457 τῆς
756 3375 875 3451 εὖθεῖος
900 3374 988 3446 θέλει
1015 3369 1200 3470 φυλάττειν
1224 3373 1277 3445 καῖ
1302 3375 1336 3446 έν
1357 3382 1402 3470 τῆ

301 3497 421 3587 γενικῆ,
438 3491 508 3564 οἷον
524 3490 622 3589 Τριῖς
638 3487 764 3586 Τρωὸς,
781 3489 866 3573 ὃμιῖς
891 3487 1005 3573 θμωός,
1030 3489 1049 3558 ὅ
1076 3486 1200 3570 δοῦλος,
1217 3487 1264 3566 κίε
1285 3487 1363 3572 κιόν,
1382 3493 1402 3562 ὅ

302 3607 444 3702 σκώληξ,
460 3609 512 3686 λῖς
528 3605 641 3688 λιῖις,ὁ
658 3607 750 3678 λέων.
784 3603 873 3676 Ἰδοὺ
888 3611 996 3677 ταῦτα
1012 3604 1182 3703 ε’φυλαξαν
1197 3604 1259 3678 τὸν
1274 3605 1404 3704 μακρὸν

302 3724 424 3820 χρόνον
439 3731 498 3806 τῆς
514 3723 633 3798 εὐθείας
648 3721 700 3793 καῖ
717 3723 804 3816 ε’ντῆ
818 3727 937 3816 γενικῆ.
970 3720 1177 3818 Πρόσκειτοι
1194 3731 1217 3764 “
1226 3719 1403 3817 ὄξέιτονον”

302 3835 354 3910 διὰ
371 3836 414 3909 τὸ
431 3839 512 3924 βοῦς
527 3835 621 3924 βοὸς,
633 3843 737 3910 τοῦτο
755 3836 822 3934 γὰρ
836 3839 891 3908 οιῖκ
906 3834 1052 3936 έφιῖλαξε
1066 3836 1128 3910 τὸν
1144 3839 1266 3936 χρόνον
1276 3847 1336 3922 τῆς
1352 3842 1403 3910 εὐ-
1411 3873 1449 3931 30

302 3955 387 4031 θεῖος
403 3953 456 4024 καῖ
473 3955 559 4048 έντῆ
578 3960 696 4048 γενικῆ,
713 3959 812 4047 ἤγουν
827 3955 888 4038 τῆν
902 3951 1040 4051 μακρὰν,
1053 3955 1133 4026 ἄλλ’
1146 3956 1202 4025 οιῖκ
1217 3955 1310 4027 ἔστιν
1326 3955 1404 4051 ὀξιῖ-

300 4100 408 4150 τονον,
421 4067 511 4140 ιἰλλὰ
525 4073 781 4168 περισπώμενον.
809 4069 1017 4167 Πρόσκειται
1031 4083 1051 4113 “
1059 4071 1335 4158 μανοσυλλοβον”
1346 4070 1402 4144 διὰ

300 4185 343 4259 τὸ
357 4185 539 4284 Ἀχιλλεὺς
552 4187 751 4286 Ἀχιλλέως,
764 4195 871 4262 τοῦτο
888 4185 956 4287 γὰρ
970 4190 1026 4260 οιῖκ
1040 4187 1188 4286 ἐφύλαξε
1201 4187 1262 4261 ’τὸν
1278 4191 1403 4288 χρόνον

300 4309 358 4386 τῆς
374 4303 493 4381 εὐθείας
508 4303 560 4374 καῖ
578 4305 611 4375 έν
626 4309 668 4399 τῆ
686 4311 805 4399 γενικῆ,
818 4309 918 4397 ἤγουν
934 4306 994 4389 τῆν
1010 4303 1147 4403 μακρὰν,
1161 4305 1240 4376 ἄλλ’
1251 4307 1308 4376 οὐκ
1324 4307 1400 4380 ἔστι

299 4419 567 4506 μονοσύλλαβον,
585 4420 663 4490 ἀλλ’
675 4419 755 4518 ὑπὲρ
772 4421 849 4504 μίαν
865 4424 1050 4508 συλλαβῆν.
1087 4419 1295 4518 Πρόσκειται
1315 4435 1336 4466 “
1346 4421 1399 4496 θιῖι
1408 4456 1444 4514 35
