2966 5014
269 295 329 382 158
557 295 758 360 ταοννιοτ
781 291 1073 356 κοινοιιονκον
1394 283 1463 348 τοι

266 465 336 542 οῖον
352 470 455 540 πλέον
471 475 578 553 πλεῖν,
595 465 667 540 δέον
681 465 755 549 δεῖν,
771 466 812 543 ὣς
828 465 908 560 παρ’
924 455 1172 558 Ἀριστοφάνει
1185 459 1219 530 ἐν
1229 456 1386 554 Βατρά-

266 617 350 684 κνν
368 585 453 680 [91·]

388 710 530 786 Εὐριπίδου
544 711 620 766 πλεῖν
632 709 648 779 ή
662 706 763 784 στοδίη
774 709 930 781 λαλίστερα.

268 816 338 887 Kal
356 813 469 900 πάλιν,
484 811 555 886 δέον
572 812 647 899 δεῖν,
661 821 682 855 “
696 811 760 883 δεῖν
775 810 848 884 πόδ’
864 809 1027 904 έγένετο,”
1039 808 1114 879 εἰντῖ
1129 812 1193 878 τοῦ
1209 805 1284 878 δίον
1295 807 1344 877 τό

265 933 409 1026 ἐγένετο.
462 930 580 1001 Ταῦτα
597 929 655 1014 μέν
671 930 703 1000 έν
720 929 864 1005 τούτοις.
1398 950 1416 1007 5

308 1045 432 1140 Ἀξιον
449 1044 484 1117 δὲ
500 1045 573 1117 έστῖ
592 1041 744 1144 ζητήσαι,
758 1041 810 1115 διὰ
827 1043 926 1114 ποίαν
943 1041 1052 1113 αἰτίαν
1067 1037 1113 1111 τά
1129 1041 1173 1115 είς
1191 1068 1236 1110 ιιι
1247 1039 1386 1134 ἔχοντα

264 1163 324 1246 τήν
348 1162 473 1256 γενικήν
495 1163 537 1238 εἷς
560 1191 617 1232 οτι
643 1161 680 1232 οιῖ
703 1157 851 1254 γίνονται
878 1156 930 1230 διὰ
955 1164 1018 1230 τοῦ
1035 1187 1055 1228 ιι
1071 1157 1168 1228 κοῖα
1192 1153 1386 1238 Ἀττικῶς,

266 1275 336 1351 οῖον
366 1278 577 1362 Δημοσθένης
602 1271 841 1362 Δημοσθένεως
862 1275 1101 1359 Δημοσθένους,
1127 1272 1180 1343 καῖ
1207 1270 1386 1355 Διομήδης

268 1394 453 1478 Διομήδεος
479 1391 670 1476 Διομήδους,
695 1391 809 1491 ῶσπερ
838 1391 969 1475 Πηλεῖς
996 1389 1130 1473 Πηλέος
1156 1389 1210 1458 καῖ
1234 1387 1386 1470 Πηλέως

267 1509 441 1594 Ἀττικῶς,
468 1509 520 1579 καῖ
546 1508 704 1596 βασιλεὺς
733 1509 894 1596 βασιλέος
923 1507 976 1578 καὶ
1004 1505 1169 1594 βασιλέως
1195 1501 1383 1578 Ἀττικῶς.
1398 1533 1435 1571 ιο

268 1626 339 1698 Καὶ
354 1623 594 1720 λέγουσιτινὲς
609 1625 670 1708 τήν
686 1624 795 1696 αἰτίαν
811 1623 943 1707 τοία-ην,
961 1621 1016 1694 ὅτι
1040 1622 1110 1692 έπει
1131 1621 1149 1703 ή
1174 1621 1230 1691 ε’πῖ
1246 1607 1384 1692 τδιῖτιον

267 1743 424 1825 ἐποίησαν
440 1744 557 1838 κρᾶσιν
574 1743 606 1812 οῖ
623 1739 777 1813 Ἀττικοί
795 1737 881 1812 κατὰ
906 1739 967 1822 τήν
984 1738 1119 1831 γενικήν,
1135 1737 1259 1809 τούτου
1275 1733 1381 1833 χάριν

270 1860 326 1928 οὐκ
356 1858 513 1939 ἐποίησαν
538 1857 671 1927 ἔκτασιν
695 1861 758 1928 τοιῖ
783 1887 802 1926 o
829 1858 872 1932 εἰς
898 1878 931 1926 n·
957 1853 1049 1926 οιῖτοι
1079 1851 1114 1924 δέ
1144 1853 1200 1923 οὐκ
1231 1853 1381 1948 ἀκριβῶς

267 1974 418 2065 λέγουσι,
435 1968 598 2048 πολλάκις
624 1969 659 2042 δὲ
684 1973 717 2042 οί
739 1969 897 2044 Ἀττικοὶ
922 1971 1054 2042 ἔκτασιν
1080 1968 1133 2038 καῖ
1158 1971 1279 2064 κρᾶσιν
1300 1997 1381 2038 τοι·

268 2095 390 2174 οῦνται,
425 2088 495 2160 οῖον
527 2081 724 2186 Ἐρετριέως
757 2085 947 2184 Ἐρετριῶς,
983 2083 1161 2180 Πειραιέως
1198 2082 1378 2180 Πειραιῶς,
1393 2113 1427 2168 15

270 2205 441 2302 Στειριέως
471 2203 638 2301 Στειριῶς.
691 2202 739 2274 Τί
767 2201 821 2274 οὖν
846 2197 985 2272 ἄτοπον
1001 2200 1054 2271 ἐπὶ
1084 2195 1218 2270 τούτων
1239 2199 1379 2269 ἔκτασιν

270 2321 422 2413 γενέσθαι
440 2319 493 2390 καῖ
510 2321 648 2416 κρᾶσιν;
675 2318 844 2416 Κρεῖττον
864 2315 918 2388 οὖν
940 2318 1034 2388 ἔστιν
1060 2318 1159 2386 εἰπεῖν
1180 2315 1242 2397 τήν
1264 2316 1380 2386 αι’τίαν

173 2464 213 2536 97
230 2449 253 2514 b
269 2436 400 2517 ταύτην·
434 2437 468 2504 οῖ
489 2433 647 2506 Ἀττικοί
672 2439 841 2511 ποιοῦντες
863 2430 915 2504 διὰ
934 2437 997 2504 τοῦ
1009 2449 1033 2503 ιι
1050 2431 1102 2502 καῖ
1121 2461 1142 2503 α
1159 2431 1220 2513 τήν
1237 2431 1378 2523 γενικήν,

1083 2546 1258 2573 ἱῚΌΙ

268 2663 326 2749 μὲν
342 2669 503 2748 ποιοῦσιν,
520 2663 576 2734 ε’πί
599 2693 694 2736 τινων
711 2660 745 2734 δὲ
764 2664 801 2734 οιῖ
817 2669 979 2748 ποιοῦσιν,
996 2662 1066 2734 οἷον
1081 2663 1137 2734 ε’πῖ
1157 2667 1225 2734 τῶν
1241 2663 1286 2739 είς
1304 2691 1377 2744 m,
1389 2697 1427 2736 το

1477 2335 1478 2392 ί

1477 2409 1478 2496 ί

269 2550 323 2621 ἐπὶ
341 2549 419 2632 ὅλης
441 2556 500 2630 τῆς
521 2545 727 2641 κατολήξεως
748 2555 852 2621 τοῦτο
878 2554 1023 2630 ποιοῦσι,
1040 2577 1093 2617 και
1119 2577 1175 2617 ονε
1200 2577 1254 2616 επι
1279 2575 1379 2616 τινων
1477 2551 1478 2596 ί

1477 2641 1478 2664 ι

1477 2669 1478 2698 ί

1477 2779 1478 2830 ί

270 2786 439 2859 ποιοῦντες
465 2777 518 2852 διδ
544 2785 607 2852 τοῦ
635 2811 654 2852 ιι
684 2780 738 2850 καὶ
763 2809 785 2850 ο
809 2779 870 2862 τήν
895 2779 1032 2872 γενικήν,
1054 2777 1107 2848 καί
1131 2779 1186 2848 ε’πῖ
1211 2778 1292 2860 ὅλης
1316 2787 1378 2860 πῶς

269 2894 475 2990 κατολήξεως
491 2902 594 2968 τοῦτο
611 2901 757 2980 ποιοῦσι,
774 2896 826 2966 καῖ
844 2895 899 2966 οδκ
915 2894 970 2965 ε’πὶ
987 2892 1046 2978 μέν
1061 2899 1128 2967 τῶν
1144 2894 1247 2966 ὄντων
1263 2895 1379 2990 κυρίων

269 3017 372 3082 τοῦτο
390 3017 550 3093 ποιοῦσιν,
567 3012 621 3081 ἐπὶ
639 3008 674 3082 δὲ
690 3016 755 3083 τῶν
771 3011 816 3094 μή
837 3011 938 3082 ὄντων
953 3011 1065 3108 κυρίων
1080 3015 1184 3082 τοῦτο
1208 3010 1246 3080 οιῖ
1262 3016 1380 3081 ποιοῦ-

419 3124 546 3152 ’,λθ

269 3156 333 3207 σιν,
351 3125 420 3195 διλλ
445 3155 499 3194 επι
525 3135 610 3196 ολων
636 3133 797 3210 ποιοῦσιν,
823 3122 892 3198 οῖον
917 3125 1047 3209 Πηλεὺς
1070 3125 1217 3210 Πηλέως,
1235 3124 1379 3223 Ἀτρεὺς

814 3240 989 3267 ῑὶίῖ

269 3239 426 3338 Ἀτρέως,
444 3239 601 3328 βασιλεὺς
618 3242 792 3330 βασιλέως,
809 3271 906 3337 ιερευς
922 3271 1037 3338 ιερεως.
1117 3244 1130 3313 ῖ
1146 3243 1305 3324 ε’ποίησον
1322 3239 1379 3312 οδν
1390 3275 1423 3332 25

269 3356 405 3429 ἐπὶτῶν
423 3359 465 3435 εἷς
484 3387 526 3428 ιη
544 3358 586 3434 είς
613 3387 673 3428 αττ
696 3356 839 3452 ἐχόντων
855 3356 917 3439 τήν
934 3357 1059 3449 γενικήν
1075 3358 1187 3455 κυρίων
1204 3355 1257 3429 διά
1274 3364 1338 3430 τοῦ
1356 3389 1377 3430 τε
1477 3351 1478 3422 ί

269 3473 322 3546 καί
352 3503 385 3558 α,
413 3469 641 3573 ἠναγκάζοντο
666 3471 718 3543 καί
746 3472 800 3542 ε’πῖ
829 3477 895 3542 τῶν
919 3473 1077 3545 ἐπιθέτων
1096 3479 1201 3544 τοῦτο
1226 3479 1377 3555 ποιήσαι·

270 3592 300 3660 εί
324 3588 358 3660 δέ
383 3590 540 3673 ἐποίησαν
566 3586 618 3659 διὰ
644 3593 707 3658 τοῦ
729 3616 749 3658 ιε
770 3588 823 3658 καῖ
847 3617 868 3657 ο
891 3588 943 3659 καῖ
968 3589 1023 3659 έπῖ
1048 3593 1114 3659 τῶν
1135 3588 1294 3660 ἐπιθέτων
1316 3588 1379 3670 τήν

271 3705 405 3797 γενικήν,
423 3703 514 3800 εἶχον
530 3709 637 3776 ταῦτα
663 3703 896 3786 σννεμπίπτειν
920 3712 991 3780 τοῖς
1015 3703 1244 3800 ε’πιρρήμασιν,
1269 3701 1377 3774 οῖονὸ

273 3817 406 3904 εὐσεβής
431 3822 492 3889 τοῦ
516 3817 682 3904 εδσεβέως,
705 3818 758 3888 καῖ
784 3817 939 3905 εὐσεβέως
964 3815 1001 3900 δή
1025 3817 1168 3909 ἐγένετο,
1194 3818 1214 3887 ὁ
1240 3817 1379 3914 ἀτρεκής
1387 3857 1424 3916 30

271 3937 334 4003 τοῦ
358 3931 524 4028 ἀτρεκέως,
547 3932 600 4003 καῖ
626 3933 782 4030 ἀτρεκέως
806 3930 978 4017 ἐλάλησεν,
1005 3934 1023 4003 ὁ
1050 3933 1175 4025 εὐγενής
1199 3939 1262 4004 τοιῖ
1286 3935 1378 4027 εὖγε-

273 4045 355 4130 νέως,
372 4043 424 4116 καί
441 4047 587 4139 εὖγενέως
604 4048 786 4145 συνεπνχεν.
838 4047 914 4120 Τῶν
927 4045 980 4120 οδν
996 4049 1156 4121 έπιθέτιον
1172 4050 1377 4132 κωλυομένων

272 4161 425 4252 ’γενέσθαι
444 4159 496 4232 διὰ
512 4167 574 4234 τοῦ
592 4193 610 4234 ιε
627 4164 679 4233 καῖ
698 4193 719 4234 ιι
735 4161 822 4235 κατὰ
846 4165 906 4246 τήν
923 4164 1048 4257 γενικήν
1062 4162 1229 4242 Ἀττικῶς
1246 4161 1298 4235 διά
1315 4165 1378 4248 τήν

271 4274 499 4357 συνέμπτωσιν
524 4282 589 4348 τῶν
612 4276 851 4376 ἐπιρρημάτων,
868 4279 1046 4350 κωλύονται
1070 4279 1123 4349 καί
1145 4276 1190 4350 τά
1209 4279 1314 4376 κύρια,
1331 4277 1376 4352 τά

271 4393 315 4468 είς
333 4419 374 4462 ατ
393 4394 435 4468 είς
454 4393 655 4492 στείχοντα
678 4395 738 4478 τήν
755 4395 890 4488 γενικήν,
908 4395 1062 4488 γενέσθαι
1086 4390 1139 4466 διδ
1160 4401 1221 4468 τοῦ
1240 4425 1259 4466 ιι
1277 4397 1330 4467 καὶ
1353 4425 1374 4467 ο
1385 4437 1419 4496 35
