2958 5018
304 299 368 377 284
598 294 801 356 ΓΕΩΡΓΙΟΥ
822 293 1114 354 ΧΟΙΡΟΒΟΣΚΟῙ·

305 464 520 560 καταλήξεως·
549 462 595 536 τὰ
626 459 695 560 γὰρ
725 466 768 540 εἷς
794 491 838 532 ονε
864 465 1017 554 λήγοντα
1043 462 1062 544 ή
1088 459 1270 556 ὀξίνονται,
1300 462 1347 538 ὦς
1373 459 1417 531 τό

269 581 277 596 ’
308 579 492 677 Σαρπηδῶν
509 573 665 662 Ἑλικῶν,
689 579 707 661 ή
734 579 944 676 βαρύνονται,
966 580 1007 655 ῶς
1027 573 1070 648 τδ
1096 577 1187 647 Θέων
1209 576 1375 674 Τρόφων,
1398 577 1418 658 ή

307 703 545 795 περισπῶνται,
568 698 608 772 ῶς
629 693 672 765 τὸ
695 692 861 792 Ξενοφῶν,
885 692 1066 764 Ποσειδῶν.
1119 693 1188 762 Καὶ
1215 693 1335 763 ι’στέον
1361 693 1415 762 ὅτι
1475 783 1476 796 ¹

308 811 353 884 τὰ
378 810 436 894 μὲν
461 811 503 886 είς
528 839 573 880 m<
598 808 767 905 βαρότονα
792 819 880 905 τρεῖς
903 811 1027 882 κλίσεις
1051 807 1273 903 ἐπιδέχονται·
1299 807 1320 889 ή
1346 805 1417 902 γὰρ

309 925 488 1024 προσθέσει
506 931 569 996 τοῦ
586 954 626 994 ox
642 931 774 996 ποιοῦσι
791 926 853 1007 τήν
869 925 993 1017 γενικήν
1010 925 1062 994 καί
1080 921 1294 1021 φυλάττουσι
1317 921 1364 993 τὸ
1382 943 1439 1006 α,5
1475 921 1476 954 ¹

310 1040 379 1112 οἷον
403 1039 492 1110 θέων
518 1040 652 1122 Θέωνος,
674 1037 823 1111 Πλότων
841 1037 1035 1122 Πλότωνος,
1054 1038 1200 1136 Τρίφων
1218 1036 1415 1134 Τρίφωνος,

309 1158 329 1242 ή
350 1157 531 1254 προσθέσει
556 1163 616 1228 τοῦ
643 1186 683 1227 οἳ
706 1165 837 1228 ποιοῦσι
859 1158 920 1240 τήν
936 1155 1061 1248 γενικήν
1077 1155 1128 1225 καί
1150 1153 1314 1251 τρέπουσι
1332 1152 1377 1224 τό
1395 1183 1415 1222 α

311 1275 354 1352 είς
374 1270 418 1344 τὸ
445 1304 475 1354 ο,
499 1269 577 1354 οἷον,
604 1274 746 1369 σώφρων
771 1275 955 1370 σώφρονος,
977 1271 1095 1364 γείτων
1112 1271 1272 1364 γείτονος,
1289 1269 1417 1341 τέκτων

309 1389 474 1464 τέκτονος·
500 1385 587 1469 ήδιᾶ
604 1394 666 1458 τοῦ
689 1419 731 1459 ατ
750 1391 905 1472 κλίνεται,
928 1389 981 1459 καί
1007 1385 1109 1458 πόλιν
1132 1387 1294 1484 τρέπουσι
1322 1386 1368 1458 τὸ
1394 1417 1414 1456 α

311 1506 354 1580 είς
369 1501 411 1574 τὸ
430 1535 462 1584 ο,
485 1502 553 1572 οίον
576 1500 726 1599 θεράπων
748 1502 962 1600 θεράποντος,
979 1499 1102 1597 δρόκων
1122 1498 1312 1600 δράκοντος,
1335 1503 1457 1572 λέωιιῡ

309 1620 457 1696 λέοντος.
510 1616 565 1688 Τὰ
583 1617 617 1688 δέ
636 1620 679 1694 είς
697 1647 742 1689 ου
759 1617 899 1712 ὀξύτονα
923 1617 978 1689 δίο
1003 1619 1127 1694 κλίσεις
1147 1617 1372 1712 ἐπιδέχονται·
1398 1617 1415 1698 ή

312 1733 381 1834 γὰρ
399 1734 578 1831 προσθέσει
596 1737 658 1804 τοῦ
678 1765 716 1804 οε
734 1740 866 1805 ποιοῦσι
889 1734 950 1815 τήν
970 1733 1094 1824 γενικήν
1120 1732 1172 1802 καὶ
1199 1728 1416 1827 φυλόττουσι

312 1850 356 1925 τὸ
380 1881 412 1934 α,
438 1855 478 1927 ῶς
504 1850 556 1920 ἐπὶ
585 1855 648 1921 τοῦ
676 1850 793 1920 κοιτῶν
823 1855 985 1933 κοιτῶνος,
1011 1845 1155 1919 Ἐλικῶν
1179 1845 1374 1929 Ἑλικῶνος,
1398 1847 1416 1926 ή

313 1965 494 2063 προσθέσει
511 1971 574 2035 τοῦ
591 1995 630 2034 οε
648 1970 779 2036 ποιοῦσι
797 1965 857 2048 τήν
875 1965 1000 2058 γενικήν
1016 1963 1067 2034 καί
1088 1964 1248 2060 τρέπουσι
1273 1959 1318 2034 τῶ
1337 1993 1359 2033 α
1376 1965 1417 2036 είς

312 2077 356 2152 τδ
381 2111 411 2162 ο,
438 2079 507 2149 οἳον
530 2079 714 2175 Σαρπηδῶν
738 2080 963 2178 Σαρπηδόνος,
983 2079 1167 2177 ἆλεκτρυῶν
1189 2079 1461 2175 ἆλεκτρυόνος,ι5

314 2195 473 2268 οόδέποτε
490 2194 524 2266 δὲ
540 2193 592 2266 διὰ
609 2201 671 2266 τοῦ
688 2225 729 2266 υτ
745 2196 899 2268 κλίνεται·
919 2194 1001 2279 αίίτη
1020 2191 1088 2290 γὰρ
1107 2197 1125 2276 ή
1141 2195 1248 2271 κλίσις
1264 2200 1417 2290 μετοχῶν

314 2312 418 2398 ε’στίν,
447 2314 488 2387 ὡς
519 2311 573 2381 ε’πὶ
605 2317 666 2382 τοῦ
699 2311 814 2398 λαβῶν
847 2311 1028 2398 λαβόντος,
1059 2309 1190 2408 δραμῶν
1222 2309 1415 2406 δραμόντος,

315 2426 424 2497 τεσῶν
452 2425 625 2502 πεσόντος.
669 2424 754 2497 Ὅτι
783 2424 852 2521 γὰρ
878 2424 923 2497 τὰ
954 2429 998 2502 είς
1024 2455 1069 2496 αα
1099 2426 1246 2508 ὀνόματα
1278 2423 1417 2518 ὀξίντονα

316 2541 593 2637 ἀποστρέφονται
617 2541 677 2622 τήν
700 2539 751 2611 διὰ
774 2547 837 2612 τοῦ
862 2571 904 2612 υτ
925 2542 1034 2612 κλίσιν
1051 2540 1160 2625 δήλου,
1178 2542 1247 2633 εἴγε
1266 2540 1310 2612 τό
1329 2542 1418 2636 Σαρ-

317 2655 425 2739 πηδῶν
441 2653 629 2749 ὀξυνόμενον
647 2655 862 2752 Σαρπηδόνος
887 2657 1044 2745 κλίνεται,
1068 2657 1150 2729 ὅταν
1173 2655 1207 2728 δὲ
1232 2657 1345 2740 ε’κλίθη
1367 2655 1460 2725 καίεο

318 2769 370 2843 διὰ
388 2778 449 2843 τοῦ
466 2802 519 2856 υτ,
536 2770 619 2844 τότε
638 2771 691 2842 καί
709 2773 845 2868 βαρεῖαν
861 2771 1048 2872 ἐπιδέχεται
1065 2768 1175 2854 πόσιν,
1193 2771 1275 2858 οἷον,
1301 2775 1358 2868 [11.
1373 2771 1417 2854 μ’.

319 2891 410 2982 ων]

482 2989 662 3060 Σαρπήδοντος
676 2991 778 3061 ε’ταῑρον

321 3113 627 3212 προπαροξυτόνως,
657 3119 696 3194 ῶς
725 3115 794 3188 ἆπδ
828 3125 887 3199 τῆς
918 3115 1101 3214 Σαρπήδων
1130 3117 1249 3195 εὐθείας
1282 3119 1420 3214 βαρυνο-

320 3232 423 3316 μένης,
441 3231 493 3301 καί
525 3237 579 3320 [Il.
597 3232 642 3313 μ’.
660 3233 751 3324 392.]
1428 3273 1456 3331 25

484 3376 643 3448 Σαρπήδοντι
657 3377 680 3432 δ’
694 3377 774 3448 ὄχθος
787 3377 890 3450 ἐγένετο
907 3379 983 3450 (ἄχος
995 3378 1100 3450 γένετο)

322 3517 438 3601 ὁμοίως
455 3512 761 3613 προπαροξυτόνως,
779 3513 831 3585 καί
850 3513 1074 3614 Σαρπήδοντα
1100 3517 1118 3597 ή
1142 3515 1317 3598 αἰτιατική,
1334 3514 1385 3586 καί
1403 3517 1420 3596 ή

323 3627 456 3714 κλητική
485 3632 544 3727 [Il.
562 3629 597 3700 ε’.
615 3627 710 3722 633.]

486 3780 620 3850 Σαρπῆδον
634 3779 733 3834 Λυκίαν
745 3779 910 3853 βουληφόρε,

214 3945 273 4013 147
289 3925 652 4021 Βπροπεριστωμένως.
704 3923 759 3995 Τὰ
783 3924 817 3996 δέ
840 3925 883 4000 εἷς
899 3955 942 3994 αα
967 3929 1199 4021 περισπώμενα
1224 3922 1336 3996 πόντιε
1363 3931 1457 4022 φιν-3ο

324 4035 488 4109 λᾶττουσι
505 4035 548 4108 τὸ
566 4069 588 4108 α
604 4040 657 4110 ε’πί
675 4049 734 4122 τῆς
750 4048 882 4132 γενικῆς,
896 4040 948 4110 καί
966 4039 1124 4111 οὐδέποτε
1139 4041 1322 4138 τρέπουσιν
1333 4039 1421 4122 αιἰτό,

325 4153 490 4224 κλίνονται
518 4152 552 4223 δέ
580 4155 632 4224 καί
661 4153 712 4225 διὰ
741 4163 803 4226 τοῦ
833 4185 886 4236 ππ,
916 4151 985 4226 οἷον
1014 4151 1172 4252 Ξενοφῶν
1199 4153 1421 4254 Ξενοφῶντος,

326 4267 537 4365 Ἀγλαοφῶν
563 4271 843 4367 Ἀγλαοφῶντος,
865 4272 1036 4368 Δημοφῶν
1062 4273 1302 4369 Δημοφῶντος,
1327 4273 1421 4354 μόνον

326 4383 369 4457 τὸ
386 4383 559 4456 Ποσειδῶν
575 4386 627 4454 καί
646 4385 770 4483 Τυφῶν
790 4387 842 4458 καί
867 4393 955 4458 ταῶν
980 4385 1193 4482 φυλάττουσι
1219 4387 1277 4472 μέν
1297 4385 1340 4458 τό
1355 4389 1421 4458 αέν
