2954 5020
277 291 337 358 118
568 291 771 354 ΓΕΩΡΓῙΟΥ
790 289 1083 354 ΧΟΙΡΟΒΟΣΚΟΥ
1398 295 1465 358 m

189 465 227 532 81
246 463 346 538 σοιίδί
362 461 431 564 γάρ
446 463 589 557 λίγομιν
604 458 667 539 τάς
684 457 821 545 Λητόεις
844 459 897 532 καί
921 459 1094 558 Σατφόας
1113 460 1168 532 καί
1183 459 1249 540 τάς
1265 461 1391 542 αἰδόας

272 582 325 656 καί
351 581 439 666 ὴάας,
461 575 553 652 άλλᾶ
577 575 640 656 τάς
667 575 800 662 Λητοὺς
827 576 880 648 καί
907 576 1074 674 Σαπφοίις
1103 578 1157 649 καί
1180 575 1245 656 πῶς
1269 579 1390 659 αἰδοιὴς

273 697 326 770 καί
353 695 434 780 ὴοιίς.
485 701 506 736 “
519 690 632 792 Χωρίς
660 689 697 766 δί
718 697 785 766 τῶν
814 690 1006 790 οἰδετίρων”
1030 692 1228 792 πρόσκειται
1256 691 1313 766 διά
1336 694 1388 768 τῶ

273 814 366 902 βὴιια
382 809 434 882 καί
451 807 553 908 άρςιιι.
601 808 691 882 ’Ῑδοίι
708 805 778 908 γάρ
797 808 851 879 ἔτί
876 807 1003 880 τούτων
1019 811 1062 886 εἰς
1079 837 1098 880 ι
1115 811 1214 901 λη’γει
1232 811 1252 891 ὴ
1268 813 1389 882 αἰτια-

273 929 346 1013 τικὴ
370 931 437 1000 τῶν
461 927 576 1008 ἑνικῶν,
600 925 653 996 καί
683 925 768 1008 ὅμως
797 925 835 996 οὗ
863 933 952 996 ποιεῖ
977 925 1160 1024 προσθέσει
1184 931 1248 997 ταῶ
1273 955 1292 996 2
1317 927 1386 1008 τὴν
1396 953 1416 1011 5

274 1043 456 1126 αἰτιατικὴν
478 1045 544 1113 τῶν
570 1045 802 1125 πληθυντικῶν·
829 1039 901 1112 οὐδὲ
927 1037 996 1138 γάρ
1020 1040 1165 1132 λε’γομεν
1188 1041 1301 1128 βὴμας
1325 1043 1383 1114 καί

272 1275 325 1350 καί
342 1272 387 1348 τά
401 1273 548 1373 ἅρματα.
579 1273 787 1372 Πράσκειται
802 1281 823 1314 “
833 1271 932 1370 χωρίς
943 1277 1010 1343 τῶν
1022 1271 1256 1343 πεπονθότων”
1269 1271 1323 1343 διά
1335 1273 1382 1346 τὸ

273 1389 371 1492 νιφάς
407 1387 544 1490 νιφάδος
582 1386 693 1488 νιφάδι
733 1384 866 1485 νιφάδα.
927 1385 981 1458 Τδ
1011 1383 1080 1484 γὰρ
1111 1386 1193 1484 νίφα
1221 1385 1382 1485 (νιφάδα)

274 1509 402 1604 γίνεται
424 1504 510 1582 κατά
535 1502 652 1589 πάθος,
671 1509 770 1598 ὴγουν
794 1499 880 1574 κατὰ
902 1501 1083 1585 ἀποκοπὴν,
1102 1503 1196 1600 νίφα,
1218 1505 1260 1580 ὡς
1284 1504 1381 1604 παρὰ
1395 1539 1435 1577 ιο

273 1630 322 1722 τῷ
340 1629 473 1720 ποιεῖν
491 1623 643 1716 (Ηνίοὼ
661 1623 861 1715 θινῶν)

436 1749 595 1822 ἀλευάμενοι
609 1745 672 1822 νίφα
685 1746 779 1802 λευκὸν
794 1741 914 1818 (λευκὴν)

276 1853 344 1930 ι’δοίι
369 1851 437 1954 γάρ
463 1855 506 1932 εἰς
531 1883 552 1926 ιι
577 1856 673 1944 λὴγει
700 1847 906 1932 ὴαίτιατικὴ
927 1853 995 1919 τῶν
1019 1847 1136 1931 ἑνικῶν,
1152 1847 1205 1920 καί
1232 1845 1320 1933 ὅμως
1342 1854 1383 1922 αὖ

274 1979 365 2046 ποιεί
383 1969 565 2068 προσθέσει
582 1973 644 2039 τοῦ
661 1996 680 2038 x
698 1965 759 2047 τὴν
775 1964 958 2046 αἰτιατικὴν
973 1967 1039 2034 τῶν
1055 1967 1289 2048 πληθυντικῶν,
1305 1965 1383 2038 οὐδὲ

276 2081 345 2184 γάρ
362 2085 505 2177 λίγομιν
521 2079 582 2160 τὰς
600 2081 708 2179 νίφας,
724 2076 815 2149 ἀλλὰ
839 2075 902 2155 τὰς
927 2075 1076 2176 νιφάδος.
1128 2077 1247 2151 Ταῦτα
1270 2079 1332 2164 μὲν
1348 2084 1384 2152 ἐν
1397 2115 1433 2179 ¹5

275 2202 417 2278 τούτοις.

326 2309 475 2387 Δυνοτδν
500 2311 535 2385 δί
563 2311 637 2384 ίστί
666 2310 831 2383 κονονίσαι
856 2310 917 2393 τὴν
942 2309 1126 2391 αἰτιατικὴν
1147 2315 1214 2381 τῶν
1235 2315 1384 2394 πληθυν-

275 2435 373 2502 τικῶν
397 2427 449 2500 καί
476 2425 544 2498 άπὸ
568 2433 627 2508 τὴς
652 2427 772 2504 εὐθείας
796 2431 863 2500 τῶν
885 2428 1117 2510 πληθυντικῶν,
1138 2427 1178 2503 ῶς
1201 2427 1254 2497 καί
1280 2426 1383 2506 αιίτδς

277 2543 310 2616 ἰν
334 2551 406 2620 τοῖς
435 2538 506 2636 ίξὴς
530 2539 635 2631 λίγει,
661 2539 715 2612 ὅτι
743 2553 763 2584 “
776 2544 872 2612 πᾶσα
897 2543 1001 2614 εὐθεῖα
1026 2545 1250 2624 πληθυντικῶν
1274 2544 1319 2622 εἰς
1341 2573 1382 2614 ιιι

276 2661 431 2752 λὴγουσιι
466 2661 578 2756 τροπῇ
611 2661 675 2728 τοῦ
707 2686 727 2728 ιι
757 2659 800 2736 εἰς
832 2687 851 2728 ι
876 2658 936 2740 τὴν
963 2657 1146 2740 αἰτιατικὴν
1177 2668 1277 2741 ποιεῖ,
1309 2656 1433 2734 οἰονιο

276 2771 419 2854 Α’ίειντες
444 2771 604 2854 Αίιιντιις,
631 2767 790 2868 Λάχητες
816 2769 991 2869 Λάχητας,
1016 2771 1132 2870 ἔρωτες
1157 2773 1291 2871 ἔρωτας,
1316 2775 1385 2862 βά-

276 2921 369 2990 τρυις
385 2889 541 2990 βότρυος.
589 2887 652 2959 Ἐν
670 2884 717 2964 οἰς
734 2887 792 2960 σὺν
809 2892 870 2980 θεῷ
889 2893 907 2972 ὴ
924 2885 1055 2985 πρᾶξις.

328 3003 472 3102 Εἴρηται
491 3003 544 3074 ὅτι
564 3009 655 3074 “τῶν
671 3001 781 3074 δυΐκῶν
797 3003 850 3074 καί
864 3007 1087 3088 πληθυντικῶν
1097 3003 1168 3086 ῶςὴ
1185 3004 1278 3101 ὀρθὴ,
1294 3001 1385 3076 οὕτω

278 3119 330 3192 καί
354 3121 372 3201 ὴ
394 3119 557 3202 κλητικὴ,”
577 3114 647 3190 οίον
668 3117 797 3190 Α’ίαντε
819 3121 846 3189 ῶ
865 3117 995 3192 Αίαντε
1015 3117 1170 3204 Αίαντες,
1188 3115 1333 3216 Λάχητι
1356 3121 1386 3190 ιδ

279 3232 434 3336 Λάχητι,
451 3232 610 3334 Λάχητες
626 3236 652 3308 ῶ
669 3231 838 3332 Λάχητες.
1396 3266 1413 3305 2
1415 3259 1434 3324 5

592 3561 719 3638 Κιιιιιίιι
738 3561 872 3636 ε’.-Ὀ
898 3562 1068 3636 Κοκιίιιτ.

330 3712 431 3786 Μετὰ
461 3711 506 3786 τά
535 3715 577 3790 εἰς
607 3743 648 3784 ιιι
682 3712 873 3802 δισιίλλαβα
910 3711 1064 3813 κανονίζει
1100 3713 1119 3784 ὁ
1151 3711 1302 3810 τεχνικὸς
1335 3713 1381 3787 τὰ

279 3829 461 3926 περαιτέρω
482 3830 549 3898 τῶν
575 3825 796 3914 δισυλλάβων,
820 3829 980 3900 τουτέστι
1008 3826 1054 3901 τά
1080 3827 1298 3926 τρισυλλαβα
1327 3831 1382 3901 καί

278 3943 322 4018 τὰ
340 3943 522 4040 περαιτέρω
538 3947 606 4014 τῶν
621 3939 868 4040 τρισυλλάβων,
885 3943 937 4014 καί
962 3944 1068 4036 λέγει,
1085 3943 1138 4015 ὅτι
1165 3952 1188 3986 “
1199 3941 1245 4015 τά
1271 3946 1314 4021 εἰς
1339 3975 1380 4017 ιε

278 4058 421 4158 καθαράν
449 4055 529 4156 ὑπὲρ
561 4057 615 4129 δίο
645 4055 820 4145 συλλαβάς
849 4061 945 4129 α’πλᾶ
975 4059 1144 4155 βαράτουα
1174 4061 1217 4136 εἰς
1249 4061 1310 4142 τὴν
1340 4091 1430 4150 οτ3ο

280 4175 472 4274 δίφθογγον
497 4173 610 4269 ἔχουσι
632 4175 692 4255 τὴν
718 4173 874 4265 γενικὴν,”
892 4170 961 4244 οίον
986 4175 1124 4270 κοχλίας
1148 4175 1298 4270 κοχλίου,
1316 4173 1381 4246 Αἰ-

279 4293 360 4369 νείας
376 4289 518 4373 Αἰνείου,
536 4289 664 4387 Βορέας
681 4289 819 4385 Βορέου,
837 4287 1028 4387 δρακοντίας
1054 4287 1255 4387 δρακοντίου,
1279 4322 1382 4389 τραυ-

278 4409 399 4492 ματίας
414 4405 626 4503 τραυματίαν,
645 4401 803 4502 ταραξίας
819 4403 990 4502 ταραξίου.
1013 4405 1076 4476 Δεῖ
1091 4411 1284 4504 προσθεῖναι
1304 4409 1378 4492 “μὴ
