2954 5020
2 373 55 430 ρσ.
69 347 111 412 α’.

444 353 511 412 αα
533 351 589 412 το
612 349 906 412 οωοιικτιιιον.
1184 363 1222 428 77

121 521 176 590 καί
202 519 256 592 διὰ
281 528 344 594 τοῦ
369 553 388 592 ο
415 525 586 605 ποιητικῶς
611 517 663 592 διὰ
688 518 732 592 τδ
756 521 889 618 μέτρον,
907 518 976 592 οἷον
1000 521 1041 596 ὡς
1064 516 1155 618 παρὰ
1176 525 1227 612 τῷ

122 644 246 731 ποιητῇ
271 641 350 726 [οδ.
368 635 411 707 λ’.
427 641 503 729 258]

408 753 508 810 Αἴσονά
521 754 544 810 π’
559 753 604 824 ιἠδί
618 756 729 828 Φέρητα.

123 867 181 938 Τὰ
207 869 320 952 μέντοι
345 869 389 952 μὴ
413 869 493 940 ὄντα
519 869 610 966 κύρια
634 865 685 939 διά
708 871 771 938 τοῦ
793 897 812 938 ο
836 865 993 952 κλίνεται,
1020 867 1060 942 ὡς
1089 863 1226 963 εἴρηται,

123 982 195 1056 οἷον
224 981 340 1084 μείζων
368 981 525 1085 μείζονος,
559 982 645 1080 ἄξων
679 981 804 1078 ἄξονας,
839 983 996 1080 κρείσσων
1025 981 1252 1080 κρείσσονος,5

123 1098 265 1172 πάσσων
280 1097 452 1178 τάσσονος
465 1099 498 1191 (ὁ
512 1096 867 1244 παχύτερρς,)μάσσων
879 1095 1057 1183 μάσσονος,
1065 1099 1225 1188 (σημαίνει

124 1214 244 1288 δὲτδν
268 1213 475 1316 μείζονα,)’
446 1249 472 1288 ει
496 1215 531 1288 δὲ
555 1218 607 1288 καί
632 1218 739 1314 κύριον
765 1217 910 1300 σημαίνει
930 1222 1045 1300 τούτο,
1065 1216 1225 1307 (σημαίνει

124 1332 213 1404 ποτὲ
247 1331 500 1426 [τοταμδνί]’
484 1363 517 1404 εν
548 1332 822 1424 Πελοποννῆσῳ,)
851 1330 1075 1416 δηλονότι
1038 1363 1098 1416 την
1128 1333 1227 1416 αύτίην

36 1445 80 1523 ⁶4
96 1450 234 1520 ιικλίσιν
251 1446 407 1546 ἐφύλαξε·
432 1447 475 1520 τδ
498 1449 622 1521 καύσων
638 1450 797 1526 καύσωνος
819 1450 1010 1546 παρώνυμον
1033 1448 1108 1522 ε’στί
1134 1445 1226 1546 παρὰ

123 1563 170 1636 τὸ
190 1571 310 1648 καῦσις,
332 1565 385 1636 καί
410 1567 532 1637 τούτου
557 1561 656 1664 χάριν
676 1562 844 1662 φυλάττει
869 1564 913 1639 τδ
936 1597 958 1638 ο
983 1567 1015 1638 ἐν
1037 1571 1081 1660 τῇ
1105 1571 1225 1662 γενικῇ.
1240 1593 1274 1634 10

124 1681 245 1753 Ταῦτα
260 1681 321 1766 μὲν
336 1683 412 1780 περί
428 1687 494 1755 τῶν
510 1679 732 1771 δισυλλάβων.

177 1795 232 1868 Τὰ
256 1796 291 1868 δὲ
314 1797 395 1896 ύπέρ
418 1797 474 1870 δύο
499 1797 675 1887 συλλαβάς
699 1799 868 1898 βαρύκονα
890 1795 942 1870 διὰ
964 1805 1026 1870 τοῦ
1044 1827 1065 1869 ο
1093 1799 1225 1870 θέλουσι

124 1916 303 1996 κλίνεσθαι,
321 1911 390 1987 οἷον
405 1913 553 2016 Ἀλιζιύν
569 1914 759 2016 Ἀλιζῶνος,
778 1917 867 2006 (ἔστι
885 1913 920 1987 δὲ
936 1913 1083 2010 ίθνικόν,)
1103 1911 1227 1988 Ὀυιίσ·

125 2061 192 2101 σων
216 2026 435 2116 Ὀνάσσωνος,
459 2032 612 2105 Τυλίσων
635 2033 831 2114 Τυλίσωνος,
853 2031 1008 2104 Τελέσων
1025 2031 1225 2114 Τελίσωνος,

127 2145 207 2234 (είσί
236 2145 272 2217 δὲ
299 2153 406 2219 ταῦτα
436 2149 585 2234 ὀνόματα
613 2149 731 2247 κύρια.)
783 2148 1007 2231 Σεσημείωται
1037 2144 1080 2218 τὸ
1109 2145 1226 2218 Ἰάσων
1239 2177 1247 2218 ι
1256 2177 1273 2236 5

126 2257 277 2339 Ἰάσονος
298 2261 349 2334 διὰ
374 2271 436 2336 τοῦ
456 2296 475 2336 ο
493 2267 612 2338 κλιθίν·
640 2266 728 2356 (ἔστι
751 2263 786 2335 δὲ
807 2264 910 2346 ὄνομα
935 2263 1050 2360 κύριον,
1072 2263 1125 2334 καί
1150 2264 1227 2341 ἴσως

125 2379 169 2454 ὧν
189 2379 268 2475 ἔχον
291 2379 416 2476 μακράν
436 2378 480 2453 τδ
498 2411 519 2453 κ
535 2383 568 2452 ἐν
583 2386 627 2476 τῇ
645 2381 887 2480 παραληγούση
904 2376 956 2451 διὰ
973 2383 1035 2449 τοῦ
1052 2409 1071 2448 ο
1089 2379 1226 2474 ἐκλίθη)

126 2496 247 2577 ὁμοίως
275 2491 319 2567 τδ
349 2493 503 2595 Μαχάων
533 2496 729 2597 Μαχάονος,
762 2498 815 2568 καί
847 2493 1000 2568 Ἱκετάων
1031 2492 1225 2573 Ἱκετάονος.

127 2608 182 2682 Τδ
204 2610 239 2682 δὲ
260 2609 417 2712 ’Υφίζων
437 2612 658 2714 Ὕψίζουτος,
682 2615 772 2702 (ἔστι
793 2612 828 2685 δὲ
850 2614 953 2696 ὄνομα
978 2615 1159 2706 τοταμού,)
1176 2617 1225 2702 τῷ

125 2728 222 2820 λόγῳ
250 2733 315 2801 τῶν
344 2736 526 2828 μετοχικῶν
552 2729 604 2802 διὰ
634 2737 696 2803 τού
725 2759 768 2803 κα
792 2730 947 2809 κλίνεται,
974 2725 1018 2798 τὸ
1048 2725 1082 2798 δὲ
1108 2725 1275 2826 ὀλίζωνῦο

124 2839 290 2941 α’λίζδννος,
309 2846 397 2934 (ἔστι
416 2845 450 2917 δὲ
469 2849 488 2917 ὁ
506 2849 732 2943 α’λιγιύτερος,)
754 2849 794 2924 ὡς
817 2840 1027 2942 συγκριτικδν
1045 2840 1096 2913 διὰ
1120 2847 1183 2913 τοῦ
1206 2873 1225 2912 ο

123 2960 246 3043 ἐκλίθη,
264 2961 381 3042 ὁμοίως
404 2959 447 3032 τδ
466 2959 619 3059 Μαχάων
636 2959 832 3058 Μαχάονος,
849 2962 1007 3059 κρείσσων
1024 2957 1226 3056 κρείσσονος,

125 3077 179 3146 καί
195 3075 240 3146 τὰ
259 3076 369 3159 ὅμοια.

178 3191 282 3264 Τὰ
252 3223 295 3269 εις
312 3223 357 3264 αα
374 3198 525 3286 λήγοντα
543 3193 732 3282 δισύλλαβα
749 3193 958 3291 βαρύτονα”
939 3222 1063 3290 εχοντα
1080 3189 1148 3288 πρὸ
1164 3220 1227 3261 του

127 3341 149 3380 α
174 3312 264 3380 ἕντι
290 3315 355 3382 τῶν
378 3309 499 3382 δασέων
522 3309 574 3382 διὰ
598 3318 661 3382 τοῦ
686 3343 707 3383 α
730 3311 909 3382 κλίνονται.
961 3309 1078 3380 Δασέα
1103 3306 1191 3377 δί’
1163 3327 1274 3386 etms

126 3427 207 3522 τρία
234 3457 267 3511 ο,
292 3457 323 3512 α,
349 3457 380 3498 x.
425 3427 611 3500 Ἔστωσαν
645 3427 680 3500 δὲ
712 3425 969 3525 παραδείγματα
1003 3431 1065 3497 τοῦ
1097 3425 1228 3500 κανόνος

128 3549 248 3614 ταῦτα·
265 3544 373 3626 μύθων
384 3544 538 3628 μύθωνος,
551 3542 686 3628 μάλθων
698 3542 919 3634 μάλθωνος,(ὁ
934 3537 1127 3639 μαλθακὸς,)
1140 3537 1229 3610 Ῥίν-

129 3664 192 3731 θων
211 3659 390 3743 Ῥίνθωνος,
410 3659 527 3751 (ὄνομα
550 3661 682 3759 κύριον,)
703 3665 810 3733 κώθων
832 3662 983 3745 κώθωνος,
1002 3658 1099 3750 (κίδος
1124 3693 1229 3744 ποτη-

127 3776 226 3872 ρίου,)
248 3777 302 3846 καί
327 3773 370 3846 τά
395 3777 427 3846 ἐν
448 3783 491 3870 τῇ
516 3778 662 3871 συνηθείᾳ
684 3778 738 3874 ἐφ’
756 3775 848 3874 ύβρει
872 3777 1064 3871 λεγόμενον,
1081 3778 1228 3878 Τρύφων

129 3889 320 3988 Τρύφωνος,
346 3891 454 3989 σίφων
483 3893 636 3990 σίφωνος,
665 3893 775 3991 κύφων
804 3893 956 3990 κύφωνος,
987 3895 1118 3992 βρύχων
1147 3897 1276 3992 βρύ-3ο

129 4039 241 4103 χωνος,
260 4007 379 4105 Τύχων
396 4007 560 4105 Τύχωνος,
579 4007 713 4098 (δαίμων
729 4005 821 4107 παρὰ
838 4008 898 4090 τὴν
915 4009 1136 4107 Ἀφροδίτην,
1153 4012 1227 4083 ἔστι

130 4123 164 4194 δὲ
187 4125 290 4207 ὄνομα
316 4125 436 4220 κύριον)
460 4125 563 4196 πίθων
584 4126 732 4207 πίθωυος,
757 4123 912 4212 (ούπωςὸ
939 4125 1073 4208 πίθηκος
1098 4129 1230 4224 ύποκρι-

128 4247 251 4334 πικῶς,)
269 4240 366 4310 αἴθων
382 4241 524 4322 α’ίθωυος,
543 4239 575 4328 (ὁ
598 4238 777 4336 διάπυρος,)
801 4237 906 4337 ξίφων
931 4240 1084 4339 ξίφωνος,
1111 4244 1228 4330 (ὄνομα

130 4354 248 4452 κυνδς,)
273 4357 429 4453 σπέρχων
457 4357 648 4454 σπίρχωνος
673 4355 791 4446 (ὄνομα
816 4355 918 4450 κυνὸς)
943 4357 996 4427 καί
1024 4355 1068 4428 τὸ
1094 4363 1229 4454 γλῆχων

131 4476 316 4569 γλάχωνος,
334 4472 552 4570 βαρυνόμενον
574 4473 628 4543 ἐπί
654 4481 712 4555 τῆς
736 4481 860 4564 γενικῆς
882 4469 1049 4568 φυλάσσει
1075 4469 1118 4542 τὸ
1144 4503 1175 4554 ο,
1202 4474 1277 4543 εί35
