2966 5014
413 349 481 412 m
501 351 559 412 ΤΟ
581 345 875 412 ΟΝΟΜΑΊἸΚΟΝ.
1134 343 1195 426 165

52 515 223 601 Ἐπειδὴ
242 515 298 590 οόν
310 517 354 591 τό
372 547 383 592 1
400 515 702 618 χαρακτηριστικδν
718 519 793 591 όστί
808 525 867 602 τῆς
883 516 1003 595 ιύθιίας
1018 519 1086 588 τῶν
1101 523 1190 600 πλη-

56 639 250 720 θυντικῶν,
267 634 409 728 ιυλόγως
425 633 480 706 οόν
496 635 529 706 ἐν
544 643 616 712 τοῖς
632 637 861 718 πληθυντικοΐς
872 629 918 708 τὰ
936 631 992 706 δύο
1009 661 1051 706 ιιι
1069 633 1113 710 ιίς
1127 632 1190 715 τήν

57 780 96 822 ιι
117 749 333 848 δίφθογγον
347 751 524 848 κίρνανται,
542 752 575 822 ἐν
597 750 632 822 δὲ
656 759 728 828 τοῖς
750 749 865 828 δυΐκοΐς
890 752 933 828 εἰς
956 746 1000 822 τό
1027 777 1061 834 ιι,
1078 747 1188 833 ι’πιιδή

58 866 126 960 (εἰ)
145 865 294 960 ἐγένετο
311 870 376 938 τῶν
393 865 448 937 δύο
467 895 508 938 ει
524 869 640 964 κρᾶσις
664 867 708 944 είς
729 866 789 949 τήν
807 895 841 938 ιι
855 864 1049 964 δίφθογγον
1066 866 1099 938 ίυ
1115 874 1188 944 τοῖς

60 981 210 1067 δυῖκοῖς,
228 981 409 1080 εὑρίσκεται
430 979 473 1054 τὸ
491 1011 502 1053 ι
520 981 553 1053 όν
568 986 612 1077 τῇ
628 981 801 1074 τελευταίᾳ
819 983 988 1078 συλλαβῇ,
1013 981 1096 1080 ὅπερ
1112 980 1213 1067 όστί5

61 1103 233 1191 γνήσιον,
250 1100 291 1174 ῶς
311 1097 446 1195 ε’ίρηται,
462 1105 521 1180 τῆς
542 1098 661 1176 εύθείας
688 1102 755 1170 τῶν
779 1101 1013 1183 πληθυντικῶν.
1055 1096 1193 1170 Τούτου

61 1210 192 1310 χάριν,
210 1214 264 1284 ἵνα
281 1214 326 1296 μή
342 1215 452 1309 εὑρεθῇ
469 1209 514 1284 τδ
531 1242 543 1284 ι
560 1211 691 1286 τελικὸν
707 1211 760 1284 ίπί
777 1221 836 1296 τής
852 1214 971 1290 εύθείας
986 1217 1051 1285 τῶν
1068 1210 1188 1298 δυίίιῶν,

63 1329 125 1397 οὐκ
148 1329 295 1421 ἐγένετο
312 1332 331 1410 ή
347 1331 461 1426 κρῶσις
476 1333 542 1401 τῶν
558 1327 613 1400 δύο
631 1359 673 1400 ιιι
698 1331 741 1407 εἰς
757 1330 817 1412 τήν
843 1359 875 1402 ει
894 1327 1088 1428 δίφθογγον
1108 1329 1185 1400 ἀλλ’

64 1445 112 1520 είς
129 1441 181 1514 τὸ
204 1473 242 1514 ιι.
283 1441 413 1516 Ἔστιν
430 1441 484 1516 ούν
500 1445 599 1516 εἰπεῖν
615 1445 668 1516 καὶ
685 1445 800 1543 ίτόραν
815 1445 969 1529 τοιαύτην
985 1445 1187 1538 ἆτολογίαν·

67 1557 247 1630 οὐδέποτε
270 1559 451 1656 εὑρίσκεται
473 1561 506 1632 όν
523 1560 702 1658 ἆρσενικοΐς
725 1561 882 1647 ὀνόμασιν
898 1562 1003 1634 εύθιΐα
1020 1559 1128 1634 δυϊκῶν
1144 1563 1189 1642 εἷς
1201 1589 1236 1632 ιο

68 1674 285 1759 οἱανδήποτε
301 1673 494 1773 δίφθογγον
506 1679 670 1770 λήγουσα,
688 1673 757 1749 οἷον
769 1677 818 1750 τιό
835 1676 974 1764 Αἴαντι,
985 1675 1034 1750 τῶ
1051 1678 1188 1766 λέβητι,

69 1790 122 1863 τῶ
137 1789 322 1888 Ἀτρείδα,
339 1791 387 1863 τῶ
403 1789 567 1888 Ὀρόστα.
609 1791 716 1865 Ὅθεν
731 1794 784 1864 καί
801 1791 855 1865 ι’πί
874 1801 934 1878 τῆς
955 1795 998 1872 εἷς
1023 1821 1045 1864 ι
1070 1793 1122 1864 καί
1146 1795 1190 1872 είς

71 1938 93 1978 α
111 1909 292 2002 ληγούσης
318 1906 444 1990 δοτικῆς
468 1913 533 1979 τῶν
549 1909 665 1992 ἑνικῶν,
682 1907 837 1992 δηλονότι
853 1906 941 1994 μετὰ
956 1914 1019 1982 τοῦ
1043 1938 1055 1982 ι
1080 1911 1189 1996 ούσης,

74 2028 93 2106 ή
120 2026 236 2098 εύθεῖα
262 2029 328 2095 τῶν
353 2021 461 2094 δυϊκῶν
483 2024 539 2094 ούκ
562 2024 631 2121 ἔχει
655 2022 699 2097 τὸ
723 2055 735 2098 1
759 2027 1093 2125 προσγεγραμμένον,
1116 2023 1186 2098 οἷον

75 2147 129 2232 τῷ
158 2141 286 2238 καχλίᾳ
309 2140 356 2212 τῶ
382 2139 515 2236 κοχλία,
531 2145 582 2231 τῷ
602 2141 714 2239 όμήρφ
738 2140 786 2214 τῶ
809 2143 931 2240 όμήρω.
973 2141 1109 2216 Τούτων
1131 2139 1234 2236 οδνιη

77 2254 186 2354 χάριν
212 2259 245 2328 ίν
268 2267 339 2334 τοῖς
364 2253 479 2334 δυΐκοῖς
504 2255 541 2326 ού
568 2257 732 2354 κίρνανται
762 2255 808 2328 τά
836 2255 891 2330 δύο
923 2285 964 2328 τε
990 2258 1034 2336 είς
1062 2258 1123 2340 τήν
1153 2287 1186 2330 ει

79 2371 292 2470 δίφθογγον.
334 2371 540 2471 Πρόσκειται
562 2373 710 2472 ἀνωτέρω
728 2385 748 2416 “
761 2373 793 2444 ἕν
810 2373 988 2472 άρσενικοῖς
1013 2373 1189 2459 όνόμασιν”

80 2487 134 2560 διά
151 2487 199 2562 τδ
216 2490 353 2588 ταρίχει
376 2491 508 2587 ταρίχει
534 2489 636 2561 πόλει
660 2489 770 2562 πόλει·
791 2495 899 2562 ταῦτα
917 2487 985 2588 γάρ
1007 2487 1059 2562 διὰ
1075 2497 1134 2574 τῆς
1152 2519 1186 2564 ιι

82 2601 283 2702 διφθόγγου
299 2601 483 2703 γράφεται.
505 2603 611 2676 Ἀλλ’
630 2606 685 2678 ούκ
701 2607 879 2680 όντίκειται
905 2611 989 2694 ἡμῖν,
1006 2607 1115 2692 ι’πειδή
1133 2609 1191 2680 ούκ

84 2721 167 2792 είσίν
195 2718 346 2817 ἆρσενικᾶ
370 2718 461 2792 ιἰλλδ
487 2719 619 2808 θηλυκὰ,
636 2719 746 2800 άλλως
770 2755 811 2796 τε
832 2721 867 2794 δὲ
889 2724 942 2794 καί
959 2721 1083 2796 σπάνια
1106 2723 1189 2796 είσίν
1200 2757 1239 2798 ιο
1300 2741 1305 2752 ’

85 2830 185 2907 ότινα
204 2838 259 2907 ούκ
275 2837 427 2934 ἕρρονται
440 2839 488 2930 (ἲ)
507 2840 550 2914 είς
566 2837 693 2909 κανόνα.
713 2837 824 2910 Ἐστι
842 2837 876 2909 δὲ
893 2841 993 2910 εἰπεῖν
1009 2840 1062 2910 καὶ
1085 2837 1191 2924 όλλην

88 2947 281 3044 ἀπολογίαν
309 2953 473 3036 τοιαύτην·
513 2956 531 3035 ή
566 2955 669 3026 εὐθεῖα
702 2958 769 3026 τῶν
797 2958 1021 3038 πληθυντικῶν
1055 2955 1190 3028 πλείοσι

90 3068 233 3160 φωνήεσι
249 3067 406 3164 κέχρηται
423 3065 586 3146 πολλάκις
603 3071 643 3147 ῶς
667 3067 751 3168 τρδς
775 3071 835 3155 τήν
852 3072 973 3144 εύθεΐαν
988 3077 1055 3144 τῶν
1072 3069 1190 3156 δυΐκῶν,

17 3173 78 3240 00b
91 3179 160 3252 οἷον
182 3182 231 3254 τῶ
250 3185 361 3281 ὁμήρω
384 3186 418 3255 οἶ
441 3183 571 3282 ὅμηροι,
595 3185 644 3258 τῶ
670 3186 792 3282 κοχλία
818 3189 851 3260 οί
872 3187 1019 3286 κοχλίαι.
1061 3187 1148 3260 Ἰδού
1172 3191 1191 3272 ή

90 3297 193 3370 εὗθεῖα
209 3304 275 3371 τῶν
296 3303 519 3384 πληθυντικῶν
535 3298 590 3372 δύο
612 3301 680 3398 ἔχει
707 3305 887 3400 φωνήεντα,
908 3313 967 3390 τής
991 3305 1110 3384 ιύθείας
1125 3311 1191 3378 τῶν
1201 3333 1237 3398 25

92 3408 198 3486 δυῖιιῶν
212 3415 249 3486 ἓν
265 3419 389 3512 φωνῆεν
405 3416 553 3512 ἐχούσης.
594 3415 744 3496 Εἰκότως
765 3417 820 3491 ούν
839 3421 871 3491 ε’ν
887 3419 945 3505 μίν
961 3429 1033 3499 τοῖς
1049 3425 1193 3504 πληθυν-

91 3541 192 3609 τικοῖς
215 3528 260 3602 τὰ
278 3529 333 3603 δύο
351 3561 392 3603 ιε
410 3534 453 3610 εἷς
476 3531 537 3615 τήν
554 3562 587 3604 ιιι
605 3530 799 3630 δίφθογγον
815 3537 993 3634 κίρνανται,
1010 3537 1042 3608 ι’ν
1064 3535 1098 3608 δί
1119 3545 1192 3614 τοῖς

93 3642 205 3725 δυΐκαῑς
229 3649 272 3724 είς
295 3643 338 3720 τό
364 3677 401 3734 ιι,
423 3649 476 3719 ’ίνα
500 3649 638 3720 πλείονα
667 3656 738 3747 σχή
763 3655 931 3749 φωνήεντα
954 3655 972 3734 ἦ
997 3653 1101 3724 εύθιῐα
1125 3657 1193 3726 τῶν

94 3767 311 3847 πληθυντικῶν
329 3771 389 3846 τής
413 3765 532 3842 εύθείας
547 3770 614 3836 τῶν
631 3763 750 3839 δυΐκῶν.
791 3767 841 3838 'H
860 3765 928 3866 γάρ
947 3797 980 3840 ιιι
1000 3766 1193 3867 δίφθογγος

95 3872 146 3948 δύο
170 3882 340 3976 φωνήεντα
365 3879 440 3962 είσί,
454 3877 498 3952 τδ
519 3879 554 3952 δί
577 3911 600 3953 ιι
624 3883 658 3954 όν
673 3883 777 3957 ἐστιν.
821 3883 933 3956 Ἔστι
956 3882 990 3955 δί
1012 3886 1113 3958 είπιῖν
1137 3885 1240 3976 καίηο

96 3987 196 4077 ἄλλην
229 3995 419 4088 όπολογίαν
451 3997 616 4081 τοιαύτην·
660 4001 679 4080 ἦ
708 4001 813 4072 εύθεΐα
841 4003 908 4072 τῶν
932 3999 1042 4074 δυΐκῶν
1065 3998 1191 4102 μείζονι

96 4109 199 4203 χρόνῳ
215 4109 372 4207 κέχρηται
388 4108 553 4190 πολλάκις
569 4115 609 4191 ῶς
622 4111 705 4212 πρδς
721 4115 782 4198 τήν
797 4115 918 4188 εύθεῖαν
934 4123 1000 4190 τῶν
1014 4122 1193 4202 πληθυντι-

97 4228 163 4311 κῶν,
191 4221 261 4296 οίον
284 4225 333 4298 τῶ
358 4227 469 4325 ὁμήρω
495 4230 529 4300 οἶ
550 4228 679 4328 ὅμηροι·
717 4227 760 4304 τό
786 4261 808 4303 ο
836 4263 888 4316 μοι
912 4265 949 4305 αν
973 4235 1048 4306 ἔστί
1073 4241 1132 4318 τῆς
1157 4263 1191 4306 οι

99 4334 295 4437 διφθόγγου.
338 4340 395 4414 Τὰ
411 4342 543 4428 Μηδεία
559 4346 595 4416 αί
611 4343 767 4434 Μήδειοι,
783 4344 827 4420 τδ
844 4377 866 4420 ι
881 4347 926 4422 τδ
943 4350 1042 4447 φύσει
1067 4347 1193 4448 μακρῶν

98 4481 143 4534 μιι
167 4487 204 4530 ον
226 4457 300 4532 ε’στι
324 4465 384 4543 τῆς
401 4488 436 4532 ιι
453 4457 660 4559 διφθόγγου.
702 4461 803 4536 Ἐπεί
826 4462 882 4538 ούν
903 4465 956 4538 καί
979 4462 1023 4538 τδ
1039 4495 1063 4538 ιι
1079 4464 1238 4566 μιῑζουόό
