2966 5014
290 299 353 366 128
576 295 780 358 rml’rlo‘r
801 293 1095 356 xolPoBozmr
1400 287 1431 346 K

287 469 390 567 κήρια,
408 465 477 541 οίον
493 467 513 538 ὃ
531 465 743 550 Δημοσθένης
758 470 820 537 τοῦ
837 463 1067 546 Δημοσθένους
1085 457 1147 534 τὸν
1164 459 1394 548 Δημοσθένην,

287 589 307 659 ὁ
334 584 499 668 Διομήδης
518 590 580 656 τοῦ
605 581 788 666 Διομήδους
810 577 871 652 τὸν
893 578 1071 664 Διομήδην,
1093 579 1113 649 ὁ
1137 577 1397 676 Ἀριστοφάνης
1473 599 1474 642 4

286 709 349 775 τοῦ
381 697 652 798 Ἀριστοφάνους
689 695 752 770 τὸν
783 693 1049 794 Ἀριστοφάνην
1082 693 1137 765 ίτί
1179 692 1216 764 δὲ
1252 698 1323 766 τῶν
1351 694 1395 778 μή

286 816 431 914 ε’χόντων
446 815 569 911 κυρίων,
588 816 624 884 οὗ
637 819 788 885 ποιοῦσιν
810 815 853 889 είς
871 841 892 882 ιι
909 812 970 894 τήν
985 809 1179 893 αἰτιατικήν,
1196 806 1258 881 τὸν
1274 813 1396 893 συνήθη

288 929 357 1027 γὰρ
382 928 435 999 καί
458 925 519 1000 τὸν
538 931 679 1010 κακοήθη
699 927 752 997 καί
777 923 838 998 τὸν
863 928 981 1015 εὗσεβῆ
999 927 1052 998 καί
1068 925 1130 998 τδν
1146 927 1246 1024 εὖφυῆ
1263 927 1317 997 καί
1335 923 1422 1001 τόν5

287 1045 398 1136 εὖγενῆ
416 1041 523 1139 φασίν
539 1042 639 1140 χωρίς
662 1046 725 1113 τοῦ
746 1069 779 1111 ιι.
822 1041 952 1113 Ἰστέον
969 1041 1005 1114 δὲ
1024 1042 1079 1114 ὅτι
1104 1048 1269 1140 περιττῶς
1289 1054 1396 1115 κεῖται

288 1157 322 1230 ίυ
343 1163 394 1250 τῷ
415 1156 521 1228 κανόνι
541 1163 604 1229 τοῦ
626 1162 778 1252 τεχνικοῦ
793 1152 836 1229 τδ
859 1168 879 1199 “
892 1159 935 1234 είς
956 1187 976 1228 τι
1000 1161 1185 1251 λήγουσα,”
1202 1159 1273 1231 οἷον
1299 1164 1395 1232 πᾶσα

288 1275 392 1346 εὗθεῖα
414 1275 520 1345 ἑνικῶν
539 1274 582 1349 εἷς
604 1301 622 1342 τ
645 1275 809 1364 λήγουσα,
826 1273 878 1344 καί
896 1274 996 1371 χωρίς
1013 1272 1081 1371 γὰρ
1105 1282 1168 1347 τοῦ
1185 1279 1285 1348 εἰπεῖν
1308 1279 1354 1354 είς
1378 1307 1397 1347 2

287 1393 442 1483 λήγουσα
467 1389 647 1486 ἔρρωταιὸ
673 1387 783 1460 κανοίν.
824 1388 912 1460 Ἰδοὺ
938 1388 1006 1488 γὰρ
1029 1389 1074 1462 τὰ
1100 1394 1143 1469 είς
1170 1421 1192 1462 A
1220 1391 1274 1462 καί
1304 1395 1350 1470 είς
1372 1423 1396 1464 κς

286 1507 440 1600 λήγοντα
466 1503 588 1588 θηλυκὰ
613 1505 650 1575 οιί
669 1509 831 1597 λήγουσιν
857 1507 900 1581 είς
931 1533 959 1588 z,
988 1506 1041 1576 καί
1058 1505 1144 1589 ὅμως
1165 1509 1210 1583 είς
1233 1537 1255 1578 ιι
1277 1509 1393 1606 ἔχουσι
1410 1535 1446 1574 ιο

286 1621 347 1704 τήν
372 1621 568 1706 αι’τιατικήν,
593 1619 663 1692 οἷον
691 1625 709 1703 »5
737 1627 847 1704 μοῦσα
872 1620 933 1703 τήν
960 1627 1098 1706 μοῦσαν,
1124 1625 1143 1704 ή
1174 1621 1307 1705 Μήδεια
1332 1624 1396 1708 τήν

288 1737 447 1822 Μήδειαν,
465 1743 483 1821 ή
500 1739 580 1823 τιμή
592 1738 652 1821 τήν
668 1737 775 1820 τιμήν,
798 1741 817 1820 ή
835 1735 1028 1834 Ἀφροδίτη
1051 1738 1111 1821 τήν
1133 1736 1358 1836 Ἀφροδίτην,
1376 1745 1395 1822 »5

289 1855 383 1952 σοφή
401 1855 462 1936 τήν
479 1857 603 1950 σοφήν.
630 1851 749 1924 Ταῦτα
766 1851 824 1935 μὲν
840 1853 872 1922 ἐν
889 1853 1031 1930 τούτοις.

340 1968 446 2064 Λέγει
464 1970 518 2042 ὅτι
536 1967 582 2042 τὰ
595 1971 638 2046 είς
655 1997 697 2039 κν
714 1963 948 2054 ι’σοσυλλιίβως
963 1969 1136 2054 κλινόμενα
1153 1969 1316 2065 ἆτοβολή
1329 1977 1396 2042 τοῦ

290 2115 309 2157 x
334 2096 424 2156 τοιεῖ
438 2086 498 2169 τήν
514 2085 676 2170 κλητικήν,
695 2081 763 2154 οίον
779 2085 798 2153 ὁ
816 2083 918 2166 Ζηνᾶς
934 2091 997 2156 τοῦ
1013 2084 1100 2168 Ζηνᾶ
1122 2086 1295 2169 ιδΖηνᾶ,ὁ
1314 2085 1395 2170 Μη-
1408 2113 1442 2172 ¹5

287 2205 370 2300 τρᾶς
386 2209 448 2274 τοῦ
462 2201 591 2300 Μητρᾶ
604 2201 629 2273 ὦ
642 2200 782 2299 Μητρᾶ,
795 2201 814 2271 ὁ
828 2201 966 2296 κοχλίας
982 2209 1044 2272 τοῦ
1055 2204 1194 2300 κοχλίου
1213 2203 1242 2274 ιθ
1255 2203 1393 2300 κοχλία,

288 2313 459 2390 ὀΑίνείας
484 2321 545 2386 τοῦ
561 2313 693 2385 Αίνείου
717 2311 886 2397 ιδΑίνεία,
911 2315 930 2383 ὁ
950 2313 1087 2393 Παπίας
1112 2322 1175 2388 τοῦ
1201 2314 1341 2386 Παπίου
1365 2315 1393 2386 οδ

289 2428 423 2501 Πατία.
463 2431 526 2501 Δεῖ
557 2435 750 2528 προσθεῖναι
778 2443 798 2473 “
812 2431 912 2528 χωρίς
940 2436 1006 2502 τῶν
1034 2431 1230 2514 Ἀττικῶν,”
1261 2435 1294 2503 οἱ
1321 2431 1393 2530 γὰρ

288 2543 445 2616 Ἀττικοί
462 2543 523 2624 τὰς
539 2545 639 2623 αι’σᾶς
655 2548 787 2643 ἔχουσιν
804 2545 904 2644 ὀρθὰς
920 2547 973 2617 καί
990 2545 1155 2632 κλητικὰς,
1182 2545 1346 2626 ὁΑίνείας
1367 2550 1396 2621 θ

287 2661 429 2746 Αἰνείας,
447 2663 465 2734 ὅ
483 2663 621 2760 κοχλίας
638 2663 664 2734 ιδ
679 2665 827 2760 κοχλίας,
844 2664 896 2734 καί
914 2663 1013 2760 χωρίς
1028 2669 1090 2736 τοῦ
1404 2695 1444 2736 οο

529 2816 761 2890 ἀκαμαντοχάρμαν
774 2811 839 2871 Αἶαν

287 2950 379 3049 ταρὰ
399 2949 564 3048 Πινδάρῳ·
591 2953 686 3029 οὗτος
704 2948 772 3049 γὰρ
788 2953 848 3034 τήν
865 2951 1018 3035 κλητικήν
1036 2953 1079 3029 είς
1097 2982 1118 3024 τι
1136 2949 1236 3041 εἶπεν,
1254 2949 1325 3026 οἷον

202 3081 220 3144 8
222 3095 243 3166 5
257 3079 280 3144 b
531 3093 670 3166 ὑπερμενέι
683 3089 915 3165 ἀκαμαντοχιίρμσν
928 3089 1001 3150 Δίαν.

288 3234 392 3306 Ἀλλ’
408 3235 501 3308 ἔστιν
518 3239 626 3320 εἰπεῖν,
644 3236 734 3320 δτιή
755 3233 841 3307 κατὰ
867 3233 1046 3334 συνδρομήν
1067 3243 1130 3309 τοῦ
1149 3235 1238 3309 Αίαν
1255 3241 1393 3332 ἐγένετο

288 3349 592 3452 ἆκαμαντοχιίρμον
615 3355 657 3430 είς
675 3383 707 3436 ιι,
730 3353 747 3434 ή
766 3349 817 3422 διὰ
834 3353 894 3434 τήν
921 3353 1127 3435 ἐταλληλίαν
1153 3360 1220 3425 τῶν
1249 3358 1439 3453 φωνηὲν-η5

286 3494 362 3543 των·
391 3473 420 3541 εί
435 3467 503 3568 γὰρ
530 3467 617 3540 εἶπεν
634 3465 920 3564 ἆκαμαντοχᾶρμα
936 3465 1025 3538 Αίαν
1049 3469 1149 3567 χωρίς
1168 3475 1231 3542 τοῦ
1252 3501 1286 3554 τι,
1304 3474 1393 3545 ἁλλ-

287 3585 475 3668 επαλληλία
492 3585 628 3668 ἔμελλεν
645 3583 802 3655 εἶναιτῶν
816 3583 1017 3680 φωνηέντων,
1034 3585 1086 3654 καί
1104 3585 1139 3655 ἐκ
1155 3586 1278 3658 τούτου
1292 3619 1392 3663 κακο·

287 3701 392 3797 φωνία
409 3699 552 3791 ἐγένετο.
597 3699 715 3770 Ταῦτα
731 3698 790 3783 μὲν
808 3701 840 3768 ἐν
856 3699 998 3776 τούτοις.

337 3811 526 3912 Κανονίζων
550 3813 610 3896 τήν
631 3817 751 3887 εὐθεῖαν
773 3821 838 3888 τῶν
864 3815 983 3905 δυῖκῶν,
1001 3815 1069 3888 ἆτό
1089 3825 1148 3900 τής
1170 3817 1300 3900 δοτικῆς
1323 3823 1390 3890 τῶν

285 3929 390 4000 ἑνικῶν
414 3925 571 4027 κανονίζει
589 3929 699 4014 αίτήν,
715 3931 823 4024 λέγων
843 3929 897 4002 ὅτι
923 3940 945 3973 “
958 3935 1052 4002 πᾶσα
1079 3930 1190 4017 δοτική
1215 3934 1321 4004 ἑνικῶν
1345 3939 1436 4015 είς3ο

286 4044 402 4127 Δήείς
419 4073 440 4114 ο
456 4047 610 4136 λήγουσα
632 4046 807 4143 ὁμόφωνον
832 4048 900 4144 ἔχει
926 4047 986 4131 τήν
1011 4049 1132 4120 εὐθεῖαν
1156 4054 1223 4119 τῶν
1248 4047 1389 4134 δυῖκῶν,”

286 4157 439 4241 δηλονότι
465 4158 551 4242 μετὰ
568 4168 658 4232 τοῦι
683 4161 765 4234 οὖσα
792 4167 810 4246 ή
837 4161 958 4246 δοτική.
999 4163 1065 4234 Ἐν
1081 4161 1150 4262 γὰρ
1175 4175 1247 4242 τοῖς
1273 4163 1389 4242 δυῖιιοῑς

284 4274 340 4346 οὐκ
364 4274 438 4346 ἔστι
464 4273 507 4348 τὸ
534 4306 545 4346 ι
572 4278 907 4376 προσγεγραμμένον,
933 4279 1012 4351 ἁλλ’
1037 4279 1070 4351 ε’ν
1094 4291 1165 4358 τοῖς
1194 4279 1308 4358 δυΐκοῖς
1332 4284 1387 4352 οὔκ

282 4389 350 4488 ἔχει
376 4387 419 4463 τδ
440 4421 451 4464 ι
470 4395 802 4490 προσγεγραμμένον,
820 4393 890 4467 οἷον
905 4401 955 4470 τῶ
970 4397 1105 4493 κοχλία,
1121 4397 1170 4470 τι)
1187 4397 1322 4494 κοχλία,
1340 4404 1388 4470 τῶ
