2954 5020
399 331 466 390 ΕΙΣ
490 331 545 392 ΤΟ
568 329 858 391 ΟΝΟΜΑΤῙΚΟΝ.
1138 339 1176 408 73

132 497 187 569 Τὰ
210 502 253 576 εἰς
279 529 324 570 nu
345 498 435 572 κοινὰ
460 507 510 591 τῷ
535 501 618 593 γένει
645 500 805 597 τρέπουσι
831 497 873 571 τὸ
891 529 912 570 ο
929 501 971 576 είς
989 496 1032 570 τὸ
1051 529 1069 568 ο
1087 500 1120 568 έν
1135 504 1179 590 τῇ

85 620 198 709 γενικῇ,
216 613 287 687 οῖον
303 617 322 686 ὁ
340 618 482 713 σιέφρων
497 617 550 688 καί
568 618 756 713 ήσῶφρων,
772 621 834 686 τοῦ
858 617 1031 713 σώφρονος
1050 613 1103 687 καί
1120 622 1178 698 τῆς

84 732 266 828 σώφρονος,
293 734 313 802 ὀ
340 733 463 804 τέκτων
488 733 540 802 καί
568 736 587 814 ή
616 733 748 817 τέκτων,
773 738 835 804 τοῦ
863 732 1016 808 τέκτονος
1042 732 1094 802 καί
1120 738 1178 814 τῆς

84 846 279 930 τέκτονας,ὁ
305 849 423 941 γείτων
439 851 491 920 καί
509 853 528 930 ή
545 849 674 941 γείτων,
690 854 750 919 τοῦ
776 848 924 940 γείτονος
948 849 1001 918 καί
1025 857 1084 932 τῆς
1110 849 1179 941 γεί-

83 993 185 1047 τονος,
202 966 222 1036 o‘
240 969 375 1048 τλήμων
391 965 443 1036 καί
460 970 479 1048 ή
499 969 644 1048 τλήμων,
662 971 722 1035 τοῦ
746 968 910 1048 τλήμονος
935 966 987 1036 καί
1013 973 1072 1048 τῆς
1096 969 1179 1048 τλή-
1188 991 1204 1051 5

83 1109 185 1162 μονος,
210 1079 359 1168 (τλήμων
385 1080 419 1152 δέ
441 1083 532 1152 εὀπιν
559 1081 577 1150 ὁ
607 1079 792 1177 θυστυχής,)
817 1082 870 1152 καί
896 1083 915 1152 ὁ
943 1079 1059 1180 ἄφρων
1081 1083 1134 1153 καί
1159 1085 1178 1165 ή

83 1194 206 1294 ἄφρων,
232 1204 295 1270 τοῦ
319 1195 465 1296 ἄφρονος
489 1198 541 1270 καί
567 1205 626 1280 τῆς
652 1195 808 1294 ἄφρονος,
838 1199 857 1267 ὁ
887 1197 986 1280 ’ίθμων
1005 1200 1057 1269 καί
1088 1202 1106 1281 ή
1131 1197 1179 1270 ’ίθ-

900 1313 1018 1342 {Su

82 1342 153 1396 μων,
170 1319 234 1385 τοῦ
249 1308 384 1403 ’ίθμήννος
399 1314 452 1384 καί
469 1322 527 1398 τῆς
542 1313 683 1399 ίθμονος,
698 1313 859 1404 (σημαίνει
877 1313 911 1386 θε
927 1347 987 1386 τον
999 1323 1178 1413 εμπειρον.)

84 1427 141 1498 Δεῖ
155 1433 362 1524 προσθεῖναι,
383 1429 482 1527 χωρίς
503 1435 565 1502 τοῦ
589 1430 688 1502 α’ίθων
713 1430 855 1514 αἴθωνος,
876 1432 1034 1518 (σημαίνει
1061 1429 1095 1502 θέ
1118 1430 1179 1504 τὸν

84 1541 261 1642 θιάπυρον,)
279 1546 332 1616 καὶ
353 1545 452 1642 χωρίς
473 1551 535 1618 τοῦ
551 1545 642 1645 ε’ίρων
660 1545 796 1642 εἴρωνος.
849 1545 967 1618 Τοῦτο
997 1544 1064 1644 γάρ
1088 1545 1178 1620 κοινά
1194 1581 1227 1620 ιο

83 1662 139 1729 είσι
164 1667 215 1751 τῷ
239 1660 334 1753 γένει,
353 1660 423 1732 οἷον
439 1663 458 1732 ὁ
475 1663 573 1735 α’ίθων
589 1663 641 1734 καί
660 1667 677 1745 ή
696 1663 840 1749 αἵθων,ὁ
862 1663 952 1758 είρων
968 1661 1020 1732 καί
1044 1663 1179 1760 ήείρων,

82 1777 128 1846 καί
145 1776 233 1860 ὅμως
249 1774 462 1874 φυλάττουσι
478 1776 521 1850 τά
538 1809 560 1850 ο
578 1781 611 1852 έν
625 1785 669 1873 πή
686 1784 804 1872 γενική.

128 1892 183 1964 Τὰ
210 1895 336 1989 ἔχοντα
356 1892 477 1978 θηλυκὰ
503 1893 555 1967 &a
578 1902 641 1968 τοῦ
668 1923 749 1966 Am
773 1893 825 1966 διὰ
854 1899 915 1965 τοῦ
941 1923 982 1965 m
1002 1895 1179 1978 κλίνονται,

83 2009 130 2078 καί
154 2009 311 2094 δηλονότι
337 2011 497 2108 τρέπουσι
520 2010 563 2082 τὸ
581 2042 602 2082 ο
621 2013 653 2082 έν
670 2017 712 2104 τή
738 2016 845 2104 γενική
863 2012 906 2088 είς
924 2041 954 2093 ο,
973 2009 1041 2080 οἷον
1059 2007 1182 2107 θράκων

56 2124 258 2221 θράκονκος
291 2126 345 2198 ὅτι
381 2123 544 2224 θράκοινα,
575 2125 723 2226 θεράπων
760 2125 963 2224 θεράποντος
997 2127 1051 2197 ὅτι
1086 2123 1205 2222 θερά-ι
1211 2157 1227 2216 5

85 2273 188 2324 παινα,
216 2243 300 2314 λέων
326 2242 462 2320 λέοντος
492 2243 546 2315 ὅτι
573 2245 699 2316 λέαινα.
790 2243 822 2326 αὶ
852 2243 906 2312 έπί
933 2247 995 2314 τοῦ
1018 2243 1125 2338 κυρίου
1148 2241 1182 2312 θὲ

86 2359 245 2442 ὀνόματος
270 2356 347 2455 παρ’
367 2363 440 2442 ήμῖν
460 2357 629 2456 ἐφιίλαξαν
653 2361 714 2444 τήν
737 2361 835 2444 αήτήν
858 2360 977 2443 κλίσιν,
1003 2357 1073 2429 οῖον
1090 2354 1183 2454 Δρά-

85 2505 194 2552 κοντος
219 2481 283 2548 τοῦ
305 2475 551 2571 Στρατονικέως
573 2476 625 2546 καί
643 2475 788 2554 λέοντος.
842 2475 1047 2573 Πρόσκειται
1066 2485 1088 2517 “
1102 2477 1181 2571 παρ’

86 2593 183 2672 ήμῖν,”
199 2588 309 2674 ἐπειδή
327 2593 360 2660 οἰ
375 2589 511 2668 Αἰολεῖς
529 2587 697 2685 Δράκονος
723 2593 867 2686 εἰρήκασι
893 2593 953 2674 τήν
975 2592 1102 2684 γενικήν
1126 2591 1181 2661 ε’πί

86 2713 141 2775 τοιῖ
165 2707 275 2805 κυρίου
300 2704 472 2790 ὀνόματος·
499 2707 553 2776 ε’πί
579 2712 641 2776 τοῦ
665 2707 776 2802 θηρίον
805 2705 874 2803 γάρ
900 2708 952 2778 καί
980 2708 1074 2777 αὐτοὶ
1102 2702 1181 2804 θρά·
1193 2741 1230 2780 20

85 2851 193 2900 κοντος
219 2823 373 2914 λέγουσι.
424 2823 488 2894 Δεῖ
512 2825 716 2919 προσθεῖναι,
747 2823 847 2920 χωρίς
879 2827 940 2892 τοῦ
964 2818 1083 2892 Λάκιον
1108 2820 1183 2890 Λα-

85 2970 185 3021 κωνος,
208 2940 285 3010 ἔστι
335 2936 350 3008 ὲ
376 2939 507 3012 ἐθνικάν·
542 2944 647 3011 τοῦτο
674 2937 742 3036 γὰρ
768 2940 847 3034 ἔχον
877 2933 1014 3020 θηλυκὸν
1039 2932 1091 3008 διὰ
1120 2941 1183 3006 τοῦ

86 3083 172 3136 anu,
186 3053 257 3125 οἷον
269 3052 432 3140 Λάκαινα,
450 3057 487 3126 οὐ
501 3055 644 3127 κλίνεται
663 3052 715 3128 &a
732 3061 794 3126 τοῦ
812 3084 864 3127 υτ.
900 3052 953 3125 Τὸ
972 3050 1039 3150 γάρ
1056 3052 1182 3125 τέκτων

84 3170 234 3247 τέκτονος
262 3170 315 3242 καί
343 3171 461 3264 γείτων
487 3171 650 3263 γείτονος,
672 3172 716 3256 μή
741 3173 865 3267 ἔχοντα
890 3167 1011 3254 θηλυκὰ
1038 3166 1090 3240 θιὰ
1120 3175 1183 3240 τοῦ

86 3316 160 3358 κιαι
188 3289 243 3358 καί
271 3287 316 3370 μή
345 3287 516 3371 κλινόμενα
547 3285 600 3358 διὰ
626 3293 688 3360 τοῦ
718 3317 771 3370 υτ,
802 3288 857 3358 οὐκ
886 3287 1062 3357 ἀντίκειται
1097 3289 1227 3380 ἡμῖν·οὸ

86 3402 189 3486 έπειθή
215 3409 324 3476 ταῦτα
353 3401 443 3474 κοινά
473 3405 535 3474 εἶσι
569 3407 619 3493 τῷ
654 3404 749 3495 γένει,
784 3401 854 3472 οἷον
881 3403 900 3471 ὁ
930 3401 1053 3472 τέκτων
1081 3399 1134 3468 καί
1163 3403 1181 3481 ή

86 3520 252 3605 τέκτων,ὁ
276 3519 394 3611 γείτων
410 3519 462 3589 καί
487 3523 505 3601 ή
531 3519 658 3612 γείτων,
676 3519 752 3591 ἀλλ’
772 3521 805 3588 οί
829 3515 965 3598 ποιηταὶ
989 3514 1182 3609 παρωνύμως

87 3643 213 3708 ποιοῦσι
243 3641 351 3706 ταῦτα
377 3631 429 3705 διὰ
454 3640 516 3705 τοῦ
541 3663 633 3718 κιαι,
663 3633 734 3705 οῖον
763 3633 912 3727 γείταινσ
937 3628 989 3700 καί
1015 3629 1182 3714 τέκταινα,

86 3749 193 3850 ὥσπερ
210 3751 262 3824 καί
282 3749 352 3828 θεὸς
368 3751 506 3842 λέγουσι
523 3750 577 3822 καί
594 3750 713 3822 θέαινα.

133 3866 189 3938 Τά
219 3869 263 3944 είς
292 3896 339 3938 ον
372 3867 541 3963 βαρύτονα
576 3863 681 3938 ε’θνικᾶ
713 3862 927 3962 φυλάττουσι
954 3861 996 3934 τὸ
1028 3891 1049 3933 ο
1079 3863 1111 3932 έν
1139 3868 1182 3955 τῇ
1190 3895 1229 3953 30

90 3990 204 4078 γενικῇ,
234 3981 304 4054 οἷον
338 3980 462 4052 Μέτων
497 3979 667 4066 Μέτωνος,
704 3979 817 4052 Κύθων
852 3977 1010 4060 Κάθωνος,
1046 3977 1181 4048 Καύκων

23 4105 54 4172 62
67 4095 267 4182 θΚαιίκωνος,
288 4096 388 4168 Ἴτυν
409 4095 557 4181 Ἴτωνος,
583 4094 754 4180 Καδμείων
778 4093 993 4177 Καδμείωνας,
1018 4091 1181 4190 Ἀργείων

88 4211 294 4310 Ἀργείωνος.
346 4213 409 4284 Δεῖ
438 4216 641 4308 προσθεῖναι,
668 4210 766 4308 χωρίς
798 4215 860 4281 τοῦ
893 4209 1001 4280 Κίκων
1069 4208 1180 4284 ’κωνος·

92 4334 190 4400 τοῦτο
223 4327 291 4425 γὰρ
325 4329 432 4424 κύριον
464 4326 522 4412 μέν
556 4326 592 4400 θυ
627 4324 792 4425 φυλάττει
822 4323 864 4396 τὸ
899 4355 931 4404 ο,
965 4323 1034 4394 οἷον
1103 4324 1181 4408 ’κων,

93 4443 215 4524 έθνιιιὸνΙ
231 4444 266 4516 δέ
294 4443 475 4536 λεγόμενον
497 4445 611 4542 τρέπει
639 4441 682 4515 πθ
711 4473 731 4513 ιι
752 4445 794 4520 είς
820 4439 863 4513 τά
891 4471 909 4510 0
935 4439 967 4508 έν
991 4445 1034 4530 πή
1062 4442 1180 4529 γενική,
1190 4471 1205 4526 3
1211 4471 1226 4528 5

623 4579 640 4618 ι.
