2982 5022
288 355 327 402 νο
739 339 933 402 ΙΩΑΝΝΟΤ

285 511 455 611 ἅνθρωπός
470 543 532 597 τις,
550 512 568 594 ἦ
586 509 748 605 ὀξιίτονος,
766 514 815 591 ὡς,
831 511 979 593 μαθητής
995 537 1067 590 μου,
1084 508 1147 590 καί,
1161 507 1272 604 σοφός
1287 535 1352 594 τις,
1369 505 1388 588 *ἦ

284 630 446 727 τροχαῖκίη
467 626 535 699 ἀπὸ
558 629 666 710 τόνου,
684 630 735 712 ὡς,
754 625 869 703 δοῦλος
893 656 967 708 μου,
992 622 1191 728 ἅλλοςιμοι,
1215 623 1292 694 ἔνθα
1316 646 1387 705 μοι·

286 743 398 816 ἄλλων
432 743 466 815 δὲ
500 745 750 842 προηγουμένων
784 744 839 813 οὐκ
872 741 1068 834 ἐγκλίνιπαι,
1103 738 1183 824 οἷον,
1216 739 1391 835 ἀνθρώπου

285 857 384 944 τινάς,
411 858 518 930 ἄλλον
546 858 643 942 τινάς,
669 858 763 949 ἄλλῳ
794 859 867 929 τινί·
899 860 951 929 καί
982 856 1029 928 δεῖ
1058 859 1157 928 εἰπεῖν
1181 855 1240 937 την
1265 856 1388 926 αι’τίαν.

285 975 350 1046 Ἐν
366 977 426 1066 μιᾷ
444 973 531 1069 λέξει
549 974 633 1046 κατὰ
652 975 818 1071 συνέχειαν
836 973 890 1044 δύο
908 971 1013 1067 ὀξείας
1035 975 1067 1043 οἱ
1085 971 1222 1042 παλαιοί
1246 971 1302 1040 οὖκ
1322 970 1418 1049 ἐπί-5

289 1098 375 1178 θουν,
400 1093 604 1188 κακοφωνίου
629 1089 697 1187 γὰρ
723 1097 867 1161 ποιοῦσι.
902 1087 956 1159 Τὸ
982 1086 1036 1158 οὖν
1060 1085 1229 1183 ἅνθρωπός
1252 1116 1305 1160 τις
1334 1085 1391 1154 οάκ

288 1209 362 1280 ἔστι
388 1205 473 1278 κατὰ
499 1208 676 1304 συνέχειαν,
696 1207 951 1292 μεσοσυλλαβεὶ
973 1205 1186 1298 (μεσολαβεῖ)
1205 1199 1271 1298 γάρ
1290 1205 1308 1283 ἦ
1327 1203 1394 1288 βα-

288 1325 503 1420 ρεΐοηὲντῃ
521 1352 585 1394 opu
608 1324 775 1415 συλλαβῇ.
810 1321 929 1418 Σοφός
945 1351 1007 1405 τις,
1023 1321 1083 1403 μία
1100 1321 1192 1390 ε’στιν
1209 1316 1310 1412 ὀξεῖα.
1345 1315 1394 1386 Οί

290 1440 434 1537 ἀκριβεῖς
459 1438 532 1510 ὅθεν
557 1438 747 1535 μέμφονται
773 1435 834 1510 τὸν
860 1437 947 1508 θέσει
973 1433 1166 1532 τροχαῖκάν,
1188 1435 1310 1530 ἔχοντα
1336 1431 1392 1504 θιίο

291 1554 396 1650 ὀξείας
418 1553 545 1652 ἑφεξῆς,
566 1553 672 1631 ἄλλός
693 1586 755 1631 τις.
798 1553 868 1624 Καί
894 1553 1037 1644 ευλόγως
1062 1555 1104 1629 είς
1128 1551 1189 1633 τὴν
1208 1551 1314 1648 ἀρχὴν
1333 1557 1394 1632 vr„
1407 1579 1444 1618 ιο

288 1671 484 1748 Ὀδυσσείας
518 1673 537 1741 ὁ
576 1669 809 1766 Ἀρίσταρχος
842 1671 897 1739 οὐκ
930 1669 1098 1755 ἠβουλήθη
1132 1666 1237 1738 δοῦναι
1271 1669 1314 1744 είς
1348 1663 1394 1737 τά

291 1801 311 1830 “
329 1787 430 1886 ἄνδρα
449 1789 532 1871 .μοι”
550 1785 604 1858 δύο
622 1785 737 1880 ὀξείας,
754 1783 845 1856 ἀλλά
870 1785 948 1868 μίαν
971 1787 1013 1860 είς
1036 1783 1080 1856 τὸ
1098 1814 1155 1868 νιν,
1172 1780 1309 1880 φάσκων
1326 1795 1347 1824 “
1360 1784 1396 1854 ἐν

291 1905 380 2000 ἀρχῆ
395 1907 553 1986 ποιήσεως
570 1899 771 1999 παράλογον
784 1903 821 1972 οιί
837 1901 882 1985 μη
899 1901 1057 1983 ποιήσω.”
1083 1898 1223 1975 Ἀπλῶς
1240 1895 1293 1970 οὖν
1309 1929 1397 1996 προ·

292 2015 522 2116 παροξυτόνου
538 2024 719 2115 τροχαΐκοῦ
735 2016 982 2113 προηγουμένου
998 2016 1161 2108 ἐγκλίσεις
1178 2017 1338 2108 γίνονται.

344 2135 413 2206 Καί
438 2132 520 2231 πρὸς
544 2137 725 2231 σαφήνειαν
743 2131 777 2204 δὲ
800 2130 848 2203 δεῖ
868 2134 976 2214 εἰπεῖν,
994 2132 1049 2204 ὅτι
1072 2131 1117 2204 τά
1140 2131 1353 2225 ε’γκλινόμενα
1377 2129 1422 2216 ίηι
1428 2163 1445 2221 5

292 2257 559 2348 μονοχρονοῦσιν,
577 2251 595 2334 ἦ
614 2250 830 2346 διχρονοιῖσιν,
848 2248 927 2332 οἷον,
943 2249 1064 2346 ὕβρισέ
1083 2281 1135 2334 με,
1154 2245 1274 2332 ἤκουσά
1294 2279 1397 2330 τινος,

298 2367 330 2456 [η
354 2371 597 2464 τριχρονοῦσιν,
620 2371 740 2447 ἤκουσα
765 2368 884 2452 τινῶν]
915 2365 968 2436 καί
992 2366 1076 2437 τότε
1100 2372 1144 2460 τῇ
1166 2367 1281 2461 πρώτῃ
1307 2361 1397 2457 λε’ξει

293 2479 537 2580 ἀναβιβάζουσι
563 2478 623 2550 τὸν
648 2480 756 2562 τόνον,
782 2482 822 2556 ὡς
848 2479 984 2578 ε’λαφρά
1011 2481 1102 2564 ὄντα,
1129 2482 1147 2564 ᾖ
1172 2479 1398 2579 τετράχρονα,

208 2607 251 2692 38
266 2596 348 2672 οκαί
373 2597 454 2668 τότε
479 2603 522 2690 τῇ
542 2598 656 2693 πρώτῃ
677 2597 835 2690 συλλαβῇ
852 2597 966 2681 αάτῶν,
985 2601 1069 2680 ἡμῶν
1092 2596 1186 2681 ἤμων·
1218 2601 1291 2680 ἡμῖν
1312 2596 1398 2680 ἥμιν·

296 2716 378 2796 ἡμᾶς
395 2711 485 2796 ἧμας·
513 2711 645 2783 ’Ῑστὲον
663 2710 697 2782 δὲ
714 2714 754 2788 ὡς
770 2711 814 2783 τά
832 2711 1044 2826 τεῃράχρονα
1060 2720 1167 2785 ταῦτα
1185 2715 1236 2784 καί
1254 2715 1448 2786 συστὲλ-υο

296 2837 393 2900 λουσι
420 2827 462 2900 τὸ
487 2829 594 2911 τέλος,
620 2829 672 2898 καί
700 2829 847 2920 γίνονται
872 2831 1045 2927 τρίχρονα,
1070 2827 1313 2930 ἀναβιβάζουσι
1340 2829 1402 2902 τὸν

296 2944 394 3016 τόνον
417 2951 460 3037 τῇ
481 2946 594 3042 πρώτῃ
620 2941 707 3038 λε’ξει
733 2945 786 3015 καί
812 2947 849 3015 οὗ
875 2943 1106 3042 φυλάττουσιν
1131 2944 1230 3018 αὐτὸν
1254 2949 1295 3024 ὡς
1317 2947 1402 3030 ἦσαν

296 3061 355 3130 ἀπ’
375 3061 479 3157 ἀρχῆς
504 3060 726 3153 ε’γκλιυόμενα,
753 3059 831 3143 οῖον,
858 3059 987 3132 δέδωκέν
1013 3065 1096 3145 ἧμιν·
1127 3071 1302 3135 συστεῖλαι
1331 3065 1404 3154 (συ-

296 3182 451 3270 στεῖλαν)
474 3175 517 3248 τὸ
539 3207 551 3248 1
574 3175 666 3274 παρὰ
691 3187 763 3254 τοῖς
781 3177 888 3260 Ἴωσι,
907 3177 1007 3256 οὕτως
1027 3179 1256 3272 ε’γκλινόμενον
1272 3181 1402 3263 ἔμεινεν.

291 3293 456 3390 Ὕβρισέν
486 3296 577 3375 ἧμας·
603 3301 778 3364 συστεῖλαι
803 3292 846 3364 τὸ
873 3324 894 3364 ιι
918 3292 1004 3366 κατὰ
1035 3292 1206 3367 διάλεκτον
1231 3293 1403 3390 ἐφύλαξαν
1414 3321 1448 3382 25

298 3407 399 3486 οὕτως
423 3407 662 3502 ε’γκλινόμευον.
702 3409 768 3499 (οὖ
798 3418 978 3480 συστεῖλαν
1002 3408 1045 3481 τὸ
1072 3440 1092 3481 Δ
1118 3408 1204 3481 κατὰ
1230 3407 1404 3481 διάλεκτον

298 3521 460 3624 ἐφύλαξεν
486 3526 518 3595 ε’ν
544 3525 626 3619 αὐτῇ
649 3531 691 3619 τῇ
720 3527 878 3621 συλλαβῇ
901 3523 961 3597 τὸν
987 3523 1085 3598 αὐτὸν
1109 3527 1232 3622 τόνον.)
1285 3527 1349 3598 Δεῖ
1369 3525 1405 3598 ἀὲ

300 3643 466 3733 γινώσκειν
491 3641 545 3711 ὅτι
576 3643 611 3710 οῖ
640 3639 844 3728 δυσυλλαβοι
873 3643 1113 3740 ἀναμφιβόλως
1140 3640 1405 3742 ἀναβιβάζουσιν

299 3756 534 3849 ε’γκλινόμεναι,
557 3757 610 3825 καί
637 3755 867 3853 φυλάττουσιν
884 3759 1166 3856 ὀρθοτονοιίμεναι,
1184 3759 1263 3841 οῖον,
1281 3757 1404 3841 ἤκουσά

300 3903 397 3953 τινος,
423 3871 596 3968 ἀνθρώπου
622 3869 719 3954 τινὸς,
746 3876 782 3943 οἱ
806 3873 840 3944 δὲ
868 3876 1133 3963 μονοσύλλαβοι,
1158 3871 1452 3974 ἆναβιβάζουσιῃο

300 3987 358 4072 μὲν
385 3986 609 4080 ε’γκλινόμενιιι
641 3989 890 4086 προηγουμένων
916 3995 981 4062 τῶν
1011 3991 1246 4088 προειρημένων
1273 3989 1406 4085 λέξεων,

301 4103 412 4174 ἄλλων
430 4102 464 4174 ἀὲ
481 4102 597 4198 λέξεων
617 4107 867 4202 προηγουμένων
891 4103 1027 4203 ἄφατον
1050 4107 1213 4203 σύγχυσιν
1235 4107 1407 4192 ἐποίησαν,

303 4217 383 4306 οἷον,
402 4220 574 4317 ἀνθρώπου
598 4244 670 4304 μου·
696 4221 757 4292 ἔδει
782 4219 859 4292 εἶναι
885 4221 1057 4320 ἀνθρώπου
1081 4224 1169 4306 ἐμοῦ·
1194 4223 1310 4307 με’λλει
1336 4255 1406 4308 μοι,

302 4335 364 4408 ἔδει
382 4335 525 4427 εἶναιτῷ
542 4334 708 4433 ἀρνεῖσθαι
725 4337 840 4422 μέλλει
859 4338 941 4422 ε’μοί·
968 4337 1053 4422 ὅμως
1072 4341 1406 4428 μονοσυλλαβοῦντα,

303 4453 340 4524 οὗ
360 4451 376 4523 ἔ
400 4451 606 4540 ἀνεβίβασαν
629 4452 701 4525 οάδὲ
725 4451 906 4551 ἐφύλαξαν,
924 4455 1060 4532 ἀλλ’ὡς
1079 4460 1155 4538 μιᾶς
1176 4453 1292 4550 λέξεως
1308 4459 1407 4540 οὔσης
1415 4489 1452 4548 35
