<?xml version="1.0" encoding="UTF-8"?>
<!DOCTYPE html PUBLIC "-//W3C//DTD XHTML 1.0 Transitional//EN"
    "http://www.w3.org/TR/xhtml1/DTD/xhtml1-transitional.dtd">
<html xmlns="http://www.w3.org/1999/xhtml" xml:lang="en" lang="en">
 <head>
  <title>
</title>
<meta http-equiv="Content-Type" content="text/html;charset=utf-8" />
  <meta name='ocr-system' content='tesseract 3.04.00' />
  <meta name='ocr-capabilities' content='ocr_page ocr_carea ocr_par ocr_line ocrx_word'/>
</head>
<body>
  <div class='ocr_page' id='page_1' title='image "./georgiichoerobo00choegoog/georgiichoerobo00choegoog_0044.png"; bbox 0 0 2982 5022; ppageno 0'>
   <div class='ocr_carea' id='block_1_1' title="bbox 490 313 1200 390">
    <p class='ocr_par' dir='ltr' id='par_1_1' title="bbox 490 313 1200 390">
     <span class='ocr_line' id='line_1_1' title="bbox 490 313 1200 390; baseline -0.008 -16"><span class='ocrx_word' id='word_1_1' title='bbox 490 313 812 376; x_wconf 75' lang='grc' dir='ltr'>αυοιυιουυυκ.</span> <span class='ocrx_word' id='word_1_2' title='bbox 1163 323 1200 390; x_wconf 86' lang='lat'>15</span> 
     </span>
    </p>
   </div>
   <div class='ocr_carea' id='block_1_2' title="bbox 103 477 1231 1517">
    <p class='ocr_par' dir='ltr' id='par_1_2' title="bbox 109 477 1203 683">
     <span class='ocr_line' id='line_1_2' title="bbox 110 477 1203 582; baseline 0 -27"><span class='ocrx_word' id='word_1_3' title='bbox 110 483 240 582; x_wconf 81' lang='grc' dir='ltr'>Ἀρκὰς,</span> <span class='ocrx_word' id='word_1_4' title='bbox 265 482 377 580; x_wconf 82' lang='grc' dir='ltr'>φυγὰς</span> <span class='ocrx_word' id='word_1_5' title='bbox 400 485 428 556; x_wconf 76' lang='grc' dir='ltr'>κδ</span> <span class='ocrx_word' id='word_1_6' title='bbox 451 482 573 582; x_wconf 79' lang='grc' dir='ltr'>φυγὰς,</span> <span class='ocrx_word' id='word_1_7' title='bbox 597 481 690 554; x_wconf 75' lang='grc' dir='ltr'>ἀλλὰ</span> <span class='ocrx_word' id='word_1_8' title='bbox 714 482 767 552; x_wconf 78' lang='grc' dir='ltr'>καί</span> <span class='ocrx_word' id='word_1_9' title='bbox 792 477 1018 554; x_wconf 81' lang='grc' dir='ltr'>πεντάκπωτά</span> <span class='ocrx_word' id='word_1_10' title='bbox 1045 482 1139 566; x_wconf 79' lang='grc' dir='ltr'>εἰσιν,</span> <span class='ocrx_word' id='word_1_11' title='bbox 1162 481 1203 555; x_wconf 79' lang='grc' dir='ltr'>ὡς</span> 
     </span>
     <span class='ocr_line' id='line_1_3' title="bbox 109 599 497 683; baseline -0.008 -10"><span class='ocrx_word' id='word_1_12' title='bbox 109 604 158 673; x_wconf 80' lang='grc' dir='ltr'>ε’τί</span> <span class='ocrx_word' id='word_1_13' title='bbox 176 607 237 672; x_wconf 82' lang='grc' dir='ltr'>τοῦ</span> <span class='ocrx_word' id='word_1_14' title='bbox 253 599 340 677; x_wconf 85' lang='grc' dir='ltr'>Α’ίας</span> <span class='ocrx_word' id='word_1_15' title='bbox 356 599 383 671; x_wconf 77' lang='grc' dir='ltr'>ιδ</span> <span class='ocrx_word' id='word_1_16' title='bbox 399 599 497 683; x_wconf 76' lang='grc' dir='ltr'>Αἶαν,</span> 
     </span>
    </p>

    <p class='ocr_par' dir='ltr' id='par_1_3' title="bbox 110 724 838 923">
     <span class='ocr_line' id='line_1_4' title="bbox 269 724 838 798; baseline -0.007 -18"><span class='ocrx_word' id='word_1_17' title='bbox 269 724 333 780; x_wconf 80' lang='grc' dir='ltr'>Αἶαν</span> <span class='ocrx_word' id='word_1_18' title='bbox 345 725 512 798; x_wconf 74' lang='grc' dir='ltr'><strong>ἁμαρτοεπὲς,</strong></span> <span class='ocrx_word' id='word_1_19' title='bbox 525 725 644 797; x_wconf 77' lang='grc' dir='ltr'>βουγάϊε,</span> <span class='ocrx_word' id='word_1_20' title='bbox 658 726 734 777; x_wconf 82' lang='grc' dir='ltr'>ποῖον</span> <span class='ocrx_word' id='word_1_21' title='bbox 747 725 838 776; x_wconf 75' lang='grc' dir='ltr'>ἔειπες·</span> 
     </span>
     <span class='ocr_line' id='line_1_5' title="bbox 110 833 570 923; baseline -0.002 -17"><span class='ocrx_word' id='word_1_22' title='bbox 110 834 312 920; x_wconf 76' lang='grc' dir='ltr'>Πολυδάμας</span> <span class='ocrx_word' id='word_1_23' title='bbox 327 837 354 908; x_wconf 82' lang='grc' dir='ltr'>ιδ</span> <span class='ocrx_word' id='word_1_24' title='bbox 372 833 570 923; x_wconf 78' lang='grc' dir='ltr'>Πολυδάμα,</span> 
     </span>
    </p>

    <p class='ocr_par' dir='ltr' id='par_1_4' title="bbox 103 955 1231 1517">
     <span class='ocr_line' id='line_1_6' title="bbox 270 955 1231 1030; baseline -0.005 -14"><span class='ocrx_word' id='word_1_25' title='bbox 270 963 422 1030; x_wconf 74' lang='grc' dir='ltr'>Πολυδάμα,</span> <span class='ocrx_word' id='word_1_26' title='bbox 436 961 473 1014; x_wconf 79' lang='grc' dir='ltr'>σὺ</span> <span class='ocrx_word' id='word_1_27' title='bbox 485 961 532 1029; x_wconf 78' lang='grc' dir='ltr'>μίν</span> <span class='ocrx_word' id='word_1_28' title='bbox 545 961 591 1014; x_wconf 84' lang='grc' dir='ltr'>οδε</span> <span class='ocrx_word' id='word_1_29' title='bbox 604 956 639 1012; x_wconf 78' lang='grc' dir='ltr'>ἔτ’</span> <span class='ocrx_word' id='word_1_30' title='bbox 651 956 711 1028; x_wconf 77' lang='grc' dir='ltr'>ι’μοί</span> <span class='ocrx_word' id='word_1_31' title='bbox 724 957 792 1028; x_wconf 79' lang='grc' dir='ltr'>φίλα</span> <span class='ocrx_word' id='word_1_32' title='bbox 805 956 876 1012; x_wconf 80' lang='grc' dir='ltr'>ταῦτ’</span> <span class='ocrx_word' id='word_1_33' title='bbox 890 955 1029 1030; x_wconf 71' lang='grc' dir='ltr'>ἀγορεύεις.</span> <span class='ocrx_word' id='word_1_34' title='bbox 1214 963 1231 1022; x_wconf 82' lang='grc'><strong><em>5</em></strong></span> 
     </span>
     <span class='ocr_line' id='line_1_7' title="bbox 110 1067 1204 1169; baseline -0.008 -24"><span class='ocrx_word' id='word_1_35' title='bbox 110 1075 259 1151; x_wconf 77' lang='grc' dir='ltr'>Εἰκότως</span> <span class='ocrx_word' id='word_1_36' title='bbox 276 1072 331 1144; x_wconf 78' lang='grc' dir='ltr'>οάν</span> <span class='ocrx_word' id='word_1_37' title='bbox 346 1078 479 1169; x_wconf 79' lang='grc' dir='ltr'>πρῶτον</span> <span class='ocrx_word' id='word_1_38' title='bbox 500 1069 574 1168; x_wconf 86' lang='grc' dir='ltr'>περί</span> <span class='ocrx_word' id='word_1_39' title='bbox 599 1075 664 1141; x_wconf 80' lang='grc' dir='ltr'>τῶν</span> <span class='ocrx_word' id='word_1_40' title='bbox 687 1073 729 1146; x_wconf 75' lang='grc' dir='ltr'>εἰς</span> <span class='ocrx_word' id='word_1_41' title='bbox 752 1099 770 1139; x_wconf 85' lang='grc' dir='ltr'><strong>Σ</strong></span> <span class='ocrx_word' id='word_1_42' title='bbox 790 1070 960 1163; x_wconf 89' lang='grc' dir='ltr'>ληγόντων</span> <span class='ocrx_word' id='word_1_43' title='bbox 977 1067 1204 1158; x_wconf 74' lang='grc' dir='ltr'>διαλαμβάνει.</span> 
     </span>
     <span class='ocr_line' id='line_1_8' title="bbox 103 1185 1207 1285; baseline -0.006 -22"><span class='ocrx_word' id='word_1_44' title='bbox 103 1195 174 1266; x_wconf 83' lang='grc' dir='ltr'>Ἵνα</span> <span class='ocrx_word' id='word_1_45' title='bbox 192 1191 246 1264; x_wconf 79' lang='grc' dir='ltr'>οάν</span> <span class='ocrx_word' id='word_1_46' title='bbox 263 1188 374 1285; x_wconf 76' lang='grc' dir='ltr'>διδάξῃ</span> <span class='ocrx_word' id='word_1_47' title='bbox 392 1193 473 1273; x_wconf 77' lang='grc' dir='ltr'>ἡμᾶς</span> <span class='ocrx_word' id='word_1_48' title='bbox 488 1187 532 1260; x_wconf 82' lang='grc' dir='ltr'>τά</span> <span class='ocrx_word' id='word_1_49' title='bbox 551 1189 673 1284; x_wconf 80' lang='grc' dir='ltr'>ἔχοντα</span> <span class='ocrx_word' id='word_1_50' title='bbox 690 1185 751 1264; x_wconf 79' lang='grc' dir='ltr'>τὰς</span> <span class='ocrx_word' id='word_1_51' title='bbox 767 1187 784 1256; x_wconf 83' lang='grc' dir='ltr'>έ</span> <span class='ocrx_word' id='word_1_52' title='bbox 803 1189 954 1269; x_wconf 80' lang='grc' dir='ltr'>πτώσεις,</span> <span class='ocrx_word' id='word_1_53' title='bbox 972 1189 1092 1258; x_wconf 77' lang='grc' dir='ltr'>τούτου</span> <span class='ocrx_word' id='word_1_54' title='bbox 1106 1185 1207 1285; x_wconf 82' lang='grc' dir='ltr'>χάριν</span> 
     </span>
     <span class='ocr_line' id='line_1_9' title="bbox 109 1301 1207 1403; baseline -0.003 -25"><span class='ocrx_word' id='word_1_55' title='bbox 109 1309 181 1403; x_wconf 75' lang='grc' dir='ltr'>περὶ</span> <span class='ocrx_word' id='word_1_56' title='bbox 208 1312 274 1378; x_wconf 78' lang='grc' dir='ltr'>τῶν</span> <span class='ocrx_word' id='word_1_57' title='bbox 296 1308 339 1382; x_wconf 85' lang='grc' dir='ltr'>είς</span> <span class='ocrx_word' id='word_1_58' title='bbox 362 1335 379 1375; x_wconf 99' lang='grc' dir='ltr'><strong>Σ</strong></span> <span class='ocrx_word' id='word_1_59' title='bbox 404 1303 575 1395; x_wconf 73' lang='grc' dir='ltr'>ληγόντων</span> <span class='ocrx_word' id='word_1_60' title='bbox 601 1309 735 1399; x_wconf 71' lang='grc' dir='ltr'>πρῶτον</span> <span class='ocrx_word' id='word_1_61' title='bbox 757 1301 984 1391; x_wconf 83' lang='grc' dir='ltr'>διαλαμβάνει.</span> <span class='ocrx_word' id='word_1_62' title='bbox 1016 1303 1148 1374; x_wconf 81' lang='grc' dir='ltr'>Ἀλλοι</span> <span class='ocrx_word' id='word_1_63' title='bbox 1173 1301 1207 1375; x_wconf 78' lang='grc' dir='ltr'>δὲ</span> 
     </span>
     <span class='ocr_line' id='line_1_10' title="bbox 108 1418 1207 1517; baseline -0.004 -23"><span class='ocrx_word' id='word_1_64' title='bbox 108 1426 263 1517; x_wconf 82' lang='grc' dir='ltr'>λέγουσιν</span> <span class='ocrx_word' id='word_1_65' title='bbox 290 1422 344 1492; x_wconf 86' lang='grc' dir='ltr'>ὅτι</span> <span class='ocrx_word' id='word_1_66' title='bbox 371 1418 422 1490; x_wconf 82' lang='grc' dir='ltr'>διὰ</span> <span class='ocrx_word' id='word_1_67' title='bbox 447 1425 549 1490; x_wconf 80' lang='grc' dir='ltr'>τοῦτο</span> <span class='ocrx_word' id='word_1_68' title='bbox 574 1419 650 1515; x_wconf 82' lang='grc' dir='ltr'>περί</span> <span class='ocrx_word' id='word_1_69' title='bbox 676 1424 741 1490; x_wconf 81' lang='grc' dir='ltr'>τῶν</span> <span class='ocrx_word' id='word_1_70' title='bbox 767 1423 808 1496; x_wconf 80' lang='grc' dir='ltr'>είς</span> <span class='ocrx_word' id='word_1_71' title='bbox 834 1449 851 1490; x_wconf 83' lang='grc' dir='ltr'><strong>Σ</strong></span> <span class='ocrx_word' id='word_1_72' title='bbox 876 1419 1048 1512; x_wconf 77' lang='grc' dir='ltr'>ληγόντων</span> <span class='ocrx_word' id='word_1_73' title='bbox 1073 1426 1207 1517; x_wconf 81' lang='grc' dir='ltr'>πρῶτον</span> 
     </span>
    </p>
   </div>
   <div class='ocr_carea' id='block_1_3' title="bbox 360 1533 568 1562">
    <p class='ocr_par' dir='ltr' id='par_1_5' title="bbox 360 1533 568 1562">
     <span class='ocr_line' id='line_1_11' title="bbox 360 1533 568 1562; baseline 0.01 -2"><span class='ocrx_word' id='word_1_74' title='bbox 360 1533 568 1562; x_wconf 54' lang='grc' dir='ltr'>ιιὶο</span> 
     </span>
    </p>
   </div>
   <div class='ocr_carea' id='block_1_4' title="bbox 105 1533 1259 4044">
    <p class='ocr_par' dir='ltr' id='par_1_6' title="bbox 107 1533 1255 2081">
     <span class='ocr_line' id='line_1_12' title="bbox 109 1533 1255 1633; baseline -0.008 -23"><span class='ocrx_word' id='word_1_75' title='bbox 109 1535 338 1625; x_wconf 81' lang='grc' dir='ltr'>διαλαμβάνει,</span> <span class='ocrx_word' id='word_1_76' title='bbox 352 1568 420 1606; x_wconf 87' lang='grc' dir='ltr'>επει</span> <span class='ocrx_word' id='word_1_77' title='bbox 443 1566 522 1618; x_wconf 90' lang='grc' dir='ltr'>ητα</span> <span class='ocrx_word' id='word_1_78' title='bbox 539 1567 582 1611; x_wconf 90' lang='grc' dir='ltr'>εις</span> <span class='ocrx_word' id='word_1_79' title='bbox 599 1565 616 1606; x_wconf 86' lang='grc' dir='ltr'><strong>Σ</strong></span> <span class='ocrx_word' id='word_1_80' title='bbox 632 1541 783 1628; x_wconf 76' lang='grc' dir='ltr'>λήγοντα</span> <span class='ocrx_word' id='word_1_81' title='bbox 801 1533 1044 1633; x_wconf 82' lang='grc' dir='ltr'>δυσχερέστερά</span> <span class='ocrx_word' id='word_1_82' title='bbox 1062 1539 1124 1607; x_wconf 83' lang='grc' dir='ltr'>είσι</span> <span class='ocrx_word' id='word_1_83' title='bbox 1142 1541 1208 1607; x_wconf 81' lang='grc' dir='ltr'>τῶν</span> <span class='ocrx_word' id='word_1_84' title='bbox 1219 1563 1255 1602; x_wconf 85' lang='grc' dir='ltr'>ιο</span> 
     </span>
     <span class='ocr_line' id='line_1_13' title="bbox 108 1648 1209 1748; baseline -0.005 -21"><span class='ocrx_word' id='word_1_85' title='bbox 108 1661 150 1733; x_wconf 85' lang='grc' dir='ltr'>είς</span> <span class='ocrx_word' id='word_1_86' title='bbox 168 1688 202 1738; x_wconf 79' lang='grc' dir='ltr'>ει,</span> <span class='ocrx_word' id='word_1_87' title='bbox 223 1684 256 1736; x_wconf 74' lang='grc' dir='ltr'>ε,</span> <span class='ocrx_word' id='word_1_88' title='bbox 275 1684 304 1734; x_wconf 80' lang='grc' dir='ltr'>υ,</span> <span class='ocrx_word' id='word_1_89' title='bbox 323 1683 345 1724; x_wconf 81' lang='grc' dir='ltr'>υ</span> <span class='ocrx_word' id='word_1_90' title='bbox 363 1652 544 1744; x_wconf 86' lang='grc' dir='ltr'>ληγόντων,</span> <span class='ocrx_word' id='word_1_91' title='bbox 562 1653 629 1722; x_wconf 82' lang='grc' dir='ltr'>ἐπει</span> <span class='ocrx_word' id='word_1_92' title='bbox 652 1648 771 1734; x_wconf 74' lang='grc' dir='ltr'>ἦκατὰ</span> <span class='ocrx_word' id='word_1_93' title='bbox 788 1649 847 1722; x_wconf 88' lang='grc' dir='ltr'>τδν</span> <span class='ocrx_word' id='word_1_94' title='bbox 865 1651 1069 1748; x_wconf 75' lang='grc' dir='ltr'>συγγραφέα</span> <span class='ocrx_word' id='word_1_95' title='bbox 1088 1651 1209 1722; x_wconf 84' lang='grc' dir='ltr'>Θουκυ-</span> 
     </span>
     <span class='ocr_line' id='line_1_14' title="bbox 108 1763 1209 1865; baseline -0.004 -23"><span class='ocrx_word' id='word_1_96' title='bbox 108 1771 194 1854; x_wconf 85' lang='grc' dir='ltr'>δίδην</span> <span class='ocrx_word' id='word_1_97' title='bbox 221 1777 268 1860; x_wconf 69' lang='grc'>[2,</span> <span class='ocrx_word' id='word_1_98' title='bbox 283 1774 317 1856; x_wconf 86' lang='grc'>8]</span> <span class='ocrx_word' id='word_1_99' title='bbox 346 1768 554 1865; x_wconf 82' lang='grc' dir='ltr'>“άρχόμενοι</span> <span class='ocrx_word' id='word_1_100' title='bbox 579 1765 699 1844; x_wconf 86' lang='grc' dir='ltr'>πάντες</span> <span class='ocrx_word' id='word_1_101' title='bbox 721 1765 874 1862; x_wconf 73' lang='grc' dir='ltr'>ὀξύτερον</span> <span class='ocrx_word' id='word_1_102' title='bbox 895 1763 1209 1854; x_wconf 86' lang='grc' dir='ltr'>διαλαμβάνονται·”</span> 
     </span>
     <span class='ocr_line' id='line_1_15' title="bbox 107 1880 845 1978; baseline -0.004 -24"><span class='ocrx_word' id='word_1_103' title='bbox 107 1887 159 1956; x_wconf 80' lang='grc' dir='ltr'>καί</span> <span class='ocrx_word' id='word_1_104' title='bbox 178 1885 408 1978; x_wconf 84' lang='grc' dir='ltr'>Καλλίμαχος</span> <span class='ocrx_word' id='word_1_105' title='bbox 426 1880 460 1952; x_wconf 83' lang='grc' dir='ltr'>δέ</span> <span class='ocrx_word' id='word_1_106' title='bbox 475 1881 518 1954; x_wconf 86' lang='grc' dir='ltr'>τδ</span> <span class='ocrx_word' id='word_1_107' title='bbox 535 1880 615 1954; x_wconf 76' lang='grc' dir='ltr'>αὐτὸ</span> <span class='ocrx_word' id='word_1_108' title='bbox 632 1889 736 1953; x_wconf 81' lang='grc' dir='ltr'>τοῦτο</span> <span class='ocrx_word' id='word_1_109' title='bbox 752 1883 845 1973; x_wconf 80' lang='grc' dir='ltr'>λέγει</span> 
     </span>
     <span class='ocr_line' id='line_1_16' title="bbox 394 2007 891 2081; baseline 0.004 -18"><span class='ocrx_word' id='word_1_110' title='bbox 394 2009 531 2081; x_wconf 75' lang='grc' dir='ltr'>ἀρχόμενοι</span> <span class='ocrx_word' id='word_1_111' title='bbox 545 2007 636 2079; x_wconf 86' lang='grc' dir='ltr'>μανίην</span> <span class='ocrx_word' id='word_1_112' title='bbox 649 2009 775 2080; x_wconf 78' lang='grc' dir='ltr'>ὀξυτάτην</span> <span class='ocrx_word' id='word_1_113' title='bbox 788 2012 891 2081; x_wconf 81' lang='grc' dir='ltr'>ἔχομεν.</span> 
     </span>
    </p>

    <p class='ocr_par' dir='ltr' id='par_1_7' title="bbox 108 2117 1254 2678">
     <span class='ocr_line' id='line_1_17' title="bbox 110 2117 1254 2219; baseline -0.003 -25"><span class='ocrx_word' id='word_1_114' title='bbox 110 2125 243 2194; x_wconf 75' lang='grc' dir='ltr'>Ταίντου</span> <span class='ocrx_word' id='word_1_115' title='bbox 263 2119 361 2219; x_wconf 85' lang='grc' dir='ltr'>χάριν</span> <span class='ocrx_word' id='word_1_116' title='bbox 379 2119 446 2190; x_wconf 84' lang='grc' dir='ltr'>ἇπδ</span> <span class='ocrx_word' id='word_1_117' title='bbox 472 2126 536 2192; x_wconf 80' lang='grc' dir='ltr'>τῶν</span> <span class='ocrx_word' id='word_1_118' title='bbox 560 2119 823 2217; x_wconf 81' lang='grc' dir='ltr'>δυσχερεστέρων</span> <span class='ocrx_word' id='word_1_119' title='bbox 845 2125 978 2217; x_wconf 81' lang='grc' dir='ltr'>πρῶτον</span> <span class='ocrx_word' id='word_1_120' title='bbox 1002 2117 1140 2217; x_wconf 74' lang='grc' dir='ltr'>ἤρξατο,</span> <span class='ocrx_word' id='word_1_121' title='bbox 1156 2122 1231 2192; x_wconf 75' lang='grc' dir='ltr'>’έναι</span> <span class='ocrx_word' id='word_1_122' title='bbox 1238 2151 1254 2212; x_wconf 85' lang='lat'><em>5</em></span> 
     </span>
     <span class='ocr_line' id='line_1_18' title="bbox 109 2233 1209 2334; baseline -0.004 -24"><span class='ocrx_word' id='word_1_123' title='bbox 109 2243 141 2310; x_wconf 77' lang='grc' dir='ltr'>ἐν</span> <span class='ocrx_word' id='word_1_124' title='bbox 158 2241 228 2330; x_wconf 80' lang='grc' dir='ltr'>ὅσῳ</span> <span class='ocrx_word' id='word_1_125' title='bbox 244 2239 308 2308; x_wconf 78' lang='grc' dir='ltr'>εἶσί</span> <span class='ocrx_word' id='word_1_126' title='bbox 332 2238 495 2334; x_wconf 88' lang='grc' dir='ltr'>πρόθυμοι</span> <span class='ocrx_word' id='word_1_127' title='bbox 522 2239 554 2306; x_wconf 84' lang='grc' dir='ltr'>οί</span> <span class='ocrx_word' id='word_1_128' title='bbox 579 2235 641 2306; x_wconf 85' lang='grc' dir='ltr'>νέοι</span> <span class='ocrx_word' id='word_1_129' title='bbox 667 2233 814 2318; x_wconf 85' lang='grc' dir='ltr'>μάθωσιν</span> <span class='ocrx_word' id='word_1_130' title='bbox 837 2233 931 2306; x_wconf 75' lang='grc' dir='ltr'>αὐτό.</span> <span class='ocrx_word' id='word_1_131' title='bbox 966 2236 1073 2307; x_wconf 71' lang='grc' dir='ltr'>Οὗτοι</span> <span class='ocrx_word' id='word_1_132' title='bbox 1095 2235 1129 2307; x_wconf 80' lang='grc' dir='ltr'>δὲ</span> <span class='ocrx_word' id='word_1_133' title='bbox 1154 2238 1209 2306; x_wconf 75' lang='grc' dir='ltr'>οὐκ</span> 
     </span>
     <span class='ocr_line' id='line_1_19' title="bbox 108 2349 1211 2450; baseline -0.003 -25"><span class='ocrx_word' id='word_1_134' title='bbox 108 2357 251 2450; x_wconf 83' lang='grc' dir='ltr'>άκριβῶς</span> <span class='ocrx_word' id='word_1_135' title='bbox 268 2355 418 2445; x_wconf 84' lang='grc' dir='ltr'>λέγουσι·</span> <span class='ocrx_word' id='word_1_136' title='bbox 444 2351 631 2422; x_wconf 78' lang='grc' dir='ltr'>τούναντίον</span> <span class='ocrx_word' id='word_1_137' title='bbox 654 2349 722 2450; x_wconf 82' lang='grc' dir='ltr'>γὰρ</span> <span class='ocrx_word' id='word_1_138' title='bbox 745 2349 813 2421; x_wconf 85' lang='grc' dir='ltr'>ἆπδ</span> <span class='ocrx_word' id='word_1_139' title='bbox 838 2357 903 2422; x_wconf 83' lang='grc' dir='ltr'>τῶν</span> <span class='ocrx_word' id='word_1_140' title='bbox 927 2352 1145 2449; x_wconf 80' lang='grc' dir='ltr'>σαφεστέρων</span> <span class='ocrx_word' id='word_1_141' title='bbox 1162 2350 1211 2422; x_wconf 84' lang='grc' dir='ltr'>δεῖ</span> 
     </span>
     <span class='ocr_line' id='line_1_20' title="bbox 109 2465 1210 2568; baseline -0.001 -30"><span class='ocrx_word' id='word_1_142' title='bbox 109 2469 287 2568; x_wconf 75' lang='grc' dir='ltr'>ἄρχεσθαι,</span> <span class='ocrx_word' id='word_1_143' title='bbox 317 2471 369 2538; x_wconf 78' lang='grc' dir='ltr'>ἵνα</span> <span class='ocrx_word' id='word_1_144' title='bbox 401 2469 446 2550; x_wconf 76' lang='grc' dir='ltr'>μὴ</span> <span class='ocrx_word' id='word_1_145' title='bbox 476 2469 518 2543; x_wconf 87' lang='grc' dir='ltr'>είς</span> <span class='ocrx_word' id='word_1_146' title='bbox 549 2467 712 2562; x_wconf 77' lang='grc' dir='ltr'>σύγχυσιν</span> <span class='ocrx_word' id='word_1_147' title='bbox 742 2465 919 2560; x_wconf 81' lang='grc' dir='ltr'>ἀγάγωμεν</span> <span class='ocrx_word' id='word_1_148' title='bbox 949 2467 1024 2543; x_wconf 77' lang='grc' dir='ltr'>τοὺς</span> <span class='ocrx_word' id='word_1_149' title='bbox 1054 2467 1210 2560; x_wconf 81' lang='grc' dir='ltr'>ἀναγινώ-</span> 
     </span>
     <span class='ocr_line' id='line_1_21' title="bbox 110 2579 713 2678; baseline -0.005 -24"><span class='ocrx_word' id='word_1_150' title='bbox 110 2609 261 2661; x_wconf 82' lang='grc' dir='ltr'>σκοντας·</span> <span class='ocrx_word' id='word_1_151' title='bbox 281 2587 313 2654; x_wconf 77' lang='grc' dir='ltr'>έν</span> <span class='ocrx_word' id='word_1_152' title='bbox 331 2584 377 2660; x_wconf 80' lang='grc' dir='ltr'>οἷς</span> <span class='ocrx_word' id='word_1_153' title='bbox 395 2584 452 2654; x_wconf 80' lang='grc' dir='ltr'>σὺν</span> <span class='ocrx_word' id='word_1_154' title='bbox 470 2587 531 2671; x_wconf 79' lang='grc' dir='ltr'>θεῷ</span> <span class='ocrx_word' id='word_1_155' title='bbox 549 2587 567 2662; x_wconf 81' lang='grc' dir='ltr'><strong><em>ἡ</em></strong></span> <span class='ocrx_word' id='word_1_156' title='bbox 584 2579 713 2678; x_wconf 79' lang='grc' dir='ltr'>πρᾶξις.</span> 
     </span>
    </p>

    <p class='ocr_par' dir='ltr' id='par_1_8' title="bbox 105 2697 1259 3951">
     <span class='ocr_line' id='line_1_22' title="bbox 155 2697 1257 2794; baseline 0.003 -24"><span class='ocrx_word' id='word_1_157' title='bbox 155 2701 290 2770; x_wconf 82' lang='grc' dir='ltr'>Ἰστέου</span> <span class='ocrx_word' id='word_1_158' title='bbox 307 2698 341 2770; x_wconf 82' lang='grc' dir='ltr'>δέ</span> <span class='ocrx_word' id='word_1_159' title='bbox 364 2699 416 2770; x_wconf 86' lang='grc' dir='ltr'>ὅτι</span> <span class='ocrx_word' id='word_1_160' title='bbox 440 2699 514 2794; x_wconf 77' lang='grc' dir='ltr'>περὶ</span> <span class='ocrx_word' id='word_1_161' title='bbox 538 2703 602 2768; x_wconf 80' lang='grc' dir='ltr'>τῶν</span> <span class='ocrx_word' id='word_1_162' title='bbox 619 2699 661 2773; x_wconf 86' lang='grc' dir='ltr'>είς</span> <span class='ocrx_word' id='word_1_163' title='bbox 679 2727 718 2769; x_wconf 79' lang='grc' dir='ltr'>κΣ</span> <span class='ocrx_word' id='word_1_164' title='bbox 735 2697 998 2788; x_wconf 86' lang='grc' dir='ltr'>μονοσυλλάβων</span> <span class='ocrx_word' id='word_1_165' title='bbox 1016 2699 1105 2770; x_wconf 80' lang='grc' dir='ltr'>οὐδὲν</span> <span class='ocrx_word' id='word_1_166' title='bbox 1122 2699 1208 2771; x_wconf 75' lang='grc' dir='ltr'>εἶπεν</span> <span class='ocrx_word' id='word_1_167' title='bbox 1220 2733 1257 2773; x_wconf 86' lang='lat'>20</span> 
     </span>
     <span class='ocr_line' id='line_1_23' title="bbox 106 2813 1207 2909; baseline -0.001 -22"><span class='ocrx_word' id='word_1_168' title='bbox 106 2820 124 2887; x_wconf 91' lang='lat'><em>6</em></span> <span class='ocrx_word' id='word_1_169' title='bbox 143 2815 337 2896; x_wconf 86' lang='grc' dir='ltr'>θεοδόσιος,</span> <span class='ocrx_word' id='word_1_170' title='bbox 350 2817 389 2890; x_wconf 86' lang='grc' dir='ltr'>ὡς</span> <span class='ocrx_word' id='word_1_171' title='bbox 406 2813 489 2909; x_wconf 83' lang='grc' dir='ltr'>πρὸς</span> <span class='ocrx_word' id='word_1_172' title='bbox 506 2815 735 2904; x_wconf 77' lang='grc' dir='ltr'>εἰσαγομένους</span> <span class='ocrx_word' id='word_1_173' title='bbox 751 2814 812 2886; x_wconf 84' lang='grc' dir='ltr'>τὸν</span> <span class='ocrx_word' id='word_1_174' title='bbox 828 2817 935 2908; x_wconf 88' lang='grc' dir='ltr'>λόγον</span> <span class='ocrx_word' id='word_1_175' title='bbox 951 2816 1139 2898; x_wconf 80' lang='grc' dir='ltr'>ποιούμενος</span> <span class='ocrx_word' id='word_1_176' title='bbox 1156 2819 1207 2886; x_wconf 80' lang='grc' dir='ltr'>καί</span> 
     </span>
     <span class='ocr_line' id='line_1_24' title="bbox 105 2927 1218 3028; baseline -0.001 -25"><span class='ocrx_word' id='word_1_177' title='bbox 105 2932 285 3012; x_wconf 73' lang='grc' dir='ltr'>συντομίας</span> <span class='ocrx_word' id='word_1_178' title='bbox 301 2927 499 3028; x_wconf 75' lang='grc' dir='ltr'>φροντίζων.</span> <span class='ocrx_word' id='word_1_179' title='bbox 517 2928 627 2999; x_wconf 80' lang='grc' dir='ltr'>Ἔστι</span> <span class='ocrx_word' id='word_1_180' title='bbox 647 2929 681 2998; x_wconf 81' lang='grc' dir='ltr'>δέ</span> <span class='ocrx_word' id='word_1_181' title='bbox 697 2933 795 3000; x_wconf 79' lang='grc' dir='ltr'>εἰπεῖν</span> <span class='ocrx_word' id='word_1_182' title='bbox 808 2933 882 3027; x_wconf 82' lang='grc' dir='ltr'>περί</span> <span class='ocrx_word' id='word_1_183' title='bbox 900 2935 1003 3002; x_wconf 76' lang='grc' dir='ltr'>αὐτῶν</span> <span class='ocrx_word' id='word_1_184' title='bbox 1017 2931 1125 3008; x_wconf 76' lang='grc' dir='ltr'>οὕτως.</span> <span class='ocrx_word' id='word_1_185' title='bbox 1153 2930 1218 3003; x_wconf 80' lang='grc' dir='ltr'>Τά·</span> 
     </span>
     <span class='ocr_line' id='line_1_25' title="bbox 108 3044 1209 3142; baseline -0.001 -24"><span class='ocrx_word' id='word_1_186' title='bbox 108 3053 150 3125; x_wconf 84' lang='grc' dir='ltr'>είς</span> <span class='ocrx_word' id='word_1_187' title='bbox 178 3077 220 3118; x_wconf 76' lang='grc' dir='ltr'>κΣ</span> <span class='ocrx_word' id='word_1_188' title='bbox 245 3047 497 3132; x_wconf 76' lang='grc' dir='ltr'>μονοσύλλαβα,</span> <span class='ocrx_word' id='word_1_189' title='bbox 522 3047 551 3114; x_wconf 86' lang='grc' dir='ltr'>εί</span> <span class='ocrx_word' id='word_1_190' title='bbox 574 3044 632 3128; x_wconf 79' lang='grc' dir='ltr'>μέν</span> <span class='ocrx_word' id='word_1_191' title='bbox 657 3051 892 3142; x_wconf 80' lang='grc' dir='ltr'>περισπῶνται,</span> <span class='ocrx_word' id='word_1_192' title='bbox 918 3049 1078 3141; x_wconf 77' lang='grc' dir='ltr'>ἀποβολῇ</span> <span class='ocrx_word' id='word_1_193' title='bbox 1103 3054 1165 3120; x_wconf 82' lang='grc' dir='ltr'>τοῦ</span> <span class='ocrx_word' id='word_1_194' title='bbox 1191 3077 1209 3118; x_wconf 90' lang='grc' dir='ltr'><strong>Σ</strong></span> 
     </span>
     <span class='ocr_line' id='line_1_26' title="bbox 107 3157 1210 3258; baseline 0.002 -26"><span class='ocrx_word' id='word_1_195' title='bbox 107 3171 243 3234; x_wconf 79' lang='grc' dir='ltr'>ποιοῦσι</span> <span class='ocrx_word' id='word_1_196' title='bbox 269 3163 329 3244; x_wconf 73' lang='grc' dir='ltr'>τὴν</span> <span class='ocrx_word' id='word_1_197' title='bbox 351 3163 475 3254; x_wconf 72' lang='grc' dir='ltr'>γενικὴν</span> <span class='ocrx_word' id='word_1_198' title='bbox 500 3163 552 3231; x_wconf 80' lang='grc' dir='ltr'>καί</span> <span class='ocrx_word' id='word_1_199' title='bbox 579 3157 810 3248; x_wconf 86' lang='grc' dir='ltr'>ι’σοσυλλάβως</span> <span class='ocrx_word' id='word_1_200' title='bbox 831 3163 1008 3248; x_wconf 88' lang='grc' dir='ltr'>κλίνονται,</span> <span class='ocrx_word' id='word_1_201' title='bbox 1030 3167 1059 3234; x_wconf 85' lang='grc' dir='ltr'>εί</span> <span class='ocrx_word' id='word_1_202' title='bbox 1081 3162 1114 3234; x_wconf 83' lang='grc' dir='ltr'>δὲ</span> <span class='ocrx_word' id='word_1_203' title='bbox 1138 3163 1210 3258; x_wconf 78' lang='grc' dir='ltr'>ὀξά-</span> 
     </span>
     <span class='ocr_line' id='line_1_27' title="bbox 108 3275 1256 3375; baseline 0.003 -26"><span class='ocrx_word' id='word_1_204' title='bbox 108 3309 236 3363; x_wconf 88' lang='grc' dir='ltr'>νουται,</span> <span class='ocrx_word' id='word_1_205' title='bbox 254 3275 573 3374; x_wconf 86' lang='grc' dir='ltr'>περιττοσυλλάβως</span> <span class='ocrx_word' id='word_1_206' title='bbox 590 3277 765 3348; x_wconf 85' lang='grc' dir='ltr'>κλίνονται.</span> <span class='ocrx_word' id='word_1_207' title='bbox 794 3275 869 3348; x_wconf 85' lang='grc' dir='ltr'>Τῶν</span> <span class='ocrx_word' id='word_1_208' title='bbox 885 3277 943 3360; x_wconf 81' lang='grc' dir='ltr'>μέν</span> <span class='ocrx_word' id='word_1_209' title='bbox 959 3279 1209 3375; x_wconf 73' lang='grc' dir='ltr'>περισπωμένων</span> <span class='ocrx_word' id='word_1_210' title='bbox 1220 3306 1256 3371; x_wconf 79' lang='lat'>25</span> 
     </span>
     <span class='ocr_line' id='line_1_28' title="bbox 109 3389 1210 3490; baseline -0.001 -25"><span class='ocrx_word' id='word_1_211' title='bbox 109 3395 174 3465; x_wconf 79' lang='grc' dir='ltr'>εἶσί</span> <span class='ocrx_word' id='word_1_212' title='bbox 191 3391 449 3489; x_wconf 85' lang='grc' dir='ltr'>παραδείγματα</span> <span class='ocrx_word' id='word_1_213' title='bbox 465 3398 617 3475; x_wconf 77' lang='grc' dir='ltr'>τοιαῦτα,</span> <span class='ocrx_word' id='word_1_214' title='bbox 636 3389 713 3474; x_wconf 71' lang='grc' dir='ltr'>οἷον,</span> <span class='ocrx_word' id='word_1_215' title='bbox 731 3394 750 3462; x_wconf 96' lang='lat'><em>6</em></span> <span class='ocrx_word' id='word_1_216' title='bbox 769 3391 856 3488; x_wconf 82' lang='grc' dir='ltr'>Γράς</span> <span class='ocrx_word' id='word_1_217' title='bbox 871 3399 932 3462; x_wconf 79' lang='grc' dir='ltr'>τοῦ</span> <span class='ocrx_word' id='word_1_218' title='bbox 950 3393 1023 3490; x_wconf 82' lang='grc' dir='ltr'>Γρᾶ</span> <span class='ocrx_word' id='word_1_219' title='bbox 1041 3394 1158 3482; x_wconf 80' lang='grc' dir='ltr'>(ὄνομα</span> <span class='ocrx_word' id='word_1_220' title='bbox 1176 3393 1210 3464; x_wconf 79' lang='grc' dir='ltr'>δὲ</span> 
     </span>
     <span class='ocr_line' id='line_1_29' title="bbox 109 3506 1209 3602; baseline 0 -22"><span class='ocrx_word' id='word_1_221' title='bbox 109 3517 217 3582; x_wconf 76' lang='grc' dir='ltr'>τοῦτο</span> <span class='ocrx_word' id='word_1_222' title='bbox 239 3509 371 3602; x_wconf 84' lang='grc' dir='ltr'>κόριον),</span> <span class='ocrx_word' id='word_1_223' title='bbox 394 3509 413 3577; x_wconf 91' lang='lat'><em>6</em></span> <span class='ocrx_word' id='word_1_224' title='bbox 438 3506 512 3584; x_wconf 77' lang='grc' dir='ltr'>Λᾶς</span> <span class='ocrx_word' id='word_1_225' title='bbox 534 3515 596 3579; x_wconf 79' lang='grc' dir='ltr'>τοῦ</span> <span class='ocrx_word' id='word_1_226' title='bbox 619 3507 678 3579; x_wconf 81' lang='grc' dir='ltr'>Λᾶ</span> <span class='ocrx_word' id='word_1_227' title='bbox 704 3509 820 3598; x_wconf 80' lang='grc' dir='ltr'>(τοῦτο</span> <span class='ocrx_word' id='word_1_228' title='bbox 844 3507 886 3579; x_wconf 77' lang='grc' dir='ltr'>δὲ’</span> <span class='ocrx_word' id='word_1_229' title='bbox 902 3509 953 3578; x_wconf 84' lang='grc' dir='ltr'>καί</span> <span class='ocrx_word' id='word_1_230' title='bbox 979 3509 1133 3592; x_wconf 80' lang='grc' dir='ltr'>ποταμὸν</span> <span class='ocrx_word' id='word_1_231' title='bbox 1157 3511 1209 3580; x_wconf 83' lang='grc' dir='ltr'>καί</span> 
     </span>
     <span class='ocr_line' id='line_1_30' title="bbox 109 3623 1211 3717; baseline 0 -21"><span class='ocrx_word' id='word_1_232' title='bbox 109 3627 214 3696; x_wconf 88' lang='grc' dir='ltr'>πόλιν</span> <span class='ocrx_word' id='word_1_233' title='bbox 242 3623 294 3692; x_wconf 87' lang='grc' dir='ltr'>καί</span> <span class='ocrx_word' id='word_1_234' title='bbox 323 3625 418 3694; x_wconf 89' lang='grc' dir='ltr'>λίθον</span> <span class='ocrx_word' id='word_1_235' title='bbox 446 3625 616 3717; x_wconf 83' lang='grc' dir='ltr'>σημαίνει).</span> <span class='ocrx_word' id='word_1_236' title='bbox 652 3623 775 3716; x_wconf 88' lang='grc' dir='ltr'>Γέγονε</span> <span class='ocrx_word' id='word_1_237' title='bbox 804 3623 839 3695; x_wconf 80' lang='grc' dir='ltr'>δὲ</span> <span class='ocrx_word' id='word_1_238' title='bbox 866 3630 971 3695; x_wconf 80' lang='grc' dir='ltr'>τοῦτο</span> <span class='ocrx_word' id='word_1_239' title='bbox 999 3629 1120 3694; x_wconf 78' lang='grc' dir='ltr'>τοῦτον</span> <span class='ocrx_word' id='word_1_240' title='bbox 1150 3624 1211 3696; x_wconf 81' lang='grc' dir='ltr'>τὸν</span> 
     </span>
     <span class='ocr_line' id='line_1_31' title="bbox 108 3736 1208 3837; baseline 0 -27"><span class='ocrx_word' id='word_1_241' title='bbox 108 3741 253 3837; x_wconf 85' lang='grc' dir='ltr'>τρόπον.</span> <span class='ocrx_word' id='word_1_242' title='bbox 273 3737 384 3808; x_wconf 80' lang='grc' dir='ltr'>Ἔστι</span> <span class='ocrx_word' id='word_1_243' title='bbox 401 3737 437 3820; x_wconf 78' lang='grc' dir='ltr'>δίη</span> <span class='ocrx_word' id='word_1_244' title='bbox 449 3736 533 3814; x_wconf 77' lang='grc' dir='ltr'>λείας</span> <span class='ocrx_word' id='word_1_245' title='bbox 548 3736 662 3823; x_wconf 88' lang='grc' dir='ltr'>λάαος,</span> <span class='ocrx_word' id='word_1_246' title='bbox 673 3741 725 3811; x_wconf 80' lang='grc' dir='ltr'>καί</span> <span class='ocrx_word' id='word_1_247' title='bbox 742 3737 854 3835; x_wconf 87' lang='grc' dir='ltr'>κράσει</span> <span class='ocrx_word' id='word_1_248' title='bbox 872 3743 937 3810; x_wconf 79' lang='grc' dir='ltr'>τῶν</span> <span class='ocrx_word' id='word_1_249' title='bbox 950 3737 1004 3808; x_wconf 79' lang='grc' dir='ltr'>δύο</span> <span class='ocrx_word' id='word_1_250' title='bbox 1020 3768 1061 3809; x_wconf 75' lang='grc' dir='ltr'>ιιι</span> <span class='ocrx_word' id='word_1_251' title='bbox 1079 3743 1122 3816; x_wconf 79' lang='grc' dir='ltr'>εἰς</span> <span class='ocrx_word' id='word_1_252' title='bbox 1137 3740 1172 3810; x_wconf 81' lang='grc' dir='ltr'>ἓν</span> <span class='ocrx_word' id='word_1_253' title='bbox 1190 3771 1208 3811; x_wconf 74' lang='grc' dir='ltr'>ι</span> 
     </span>
     <span class='ocr_line' id='line_1_32' title="bbox 110 3851 1259 3951; baseline 0 -27"><span class='ocrx_word' id='word_1_254' title='bbox 110 3853 238 3951; x_wconf 83' lang='grc' dir='ltr'>μακρὸν</span> <span class='ocrx_word' id='word_1_255' title='bbox 255 3856 380 3946; x_wconf 87' lang='grc' dir='ltr'>γίνεται</span> <span class='ocrx_word' id='word_1_256' title='bbox 399 3861 491 3935; x_wconf 81' lang='grc' dir='ltr'>λᾶος,</span> <span class='ocrx_word' id='word_1_257' title='bbox 509 3851 578 3924; x_wconf 81' lang='grc' dir='ltr'>οἷον</span> <span class='ocrx_word' id='word_1_258' title='bbox 1221 3885 1259 3942; x_wconf 87' lang='lat'>30</span> 
     </span>
    </p>

    <p class='ocr_par' dir='ltr' id='par_1_9' title="bbox 500 3972 725 4044">
     <span class='ocr_line' id='line_1_33' title="bbox 500 3972 725 4044; baseline 0.022 -19"><span class='ocrx_word' id='word_1_259' title='bbox 500 3973 564 4028; x_wconf 79' lang='grc' dir='ltr'>λᾶας</span> <span class='ocrx_word' id='word_1_260' title='bbox 577 3973 628 4026; x_wconf 81' lang='grc' dir='ltr'>ὑπὸ</span> <span class='ocrx_word' id='word_1_261' title='bbox 640 3972 725 4044; x_wconf 81' lang='grc' dir='ltr'>ριπῆε,</span> 
     </span>
    </p>
   </div>
   <div class='ocr_carea' id='block_1_5' title="bbox 111 4079 1212 4178">
    <p class='ocr_par' dir='ltr' id='par_1_10' title="bbox 111 4079 1212 4178">
     <span class='ocr_line' id='line_1_34' title="bbox 111 4079 1212 4178; baseline 0.003 -24"><span class='ocrx_word' id='word_1_262' title='bbox 111 4084 290 4154; x_wconf 80' lang='grc' dir='ltr'>τουτέστιν</span> <span class='ocrx_word' id='word_1_263' title='bbox 315 4079 378 4152; x_wconf 78' lang='grc' dir='ltr'>ὑπὸ</span> <span class='ocrx_word' id='word_1_264' title='bbox 400 4089 459 4164; x_wconf 75' lang='grc' dir='ltr'>τῆς</span> <span class='ocrx_word' id='word_1_265' title='bbox 482 4084 587 4169; x_wconf 75' lang='grc' dir='ltr'>βολῆς</span> <span class='ocrx_word' id='word_1_266' title='bbox 608 4090 669 4153; x_wconf 85' lang='grc' dir='ltr'>τοῦ</span> <span class='ocrx_word' id='word_1_267' title='bbox 692 4083 797 4154; x_wconf 86' lang='grc' dir='ltr'>λίθου.</span> <span class='ocrx_word' id='word_1_268' title='bbox 832 4083 929 4166; x_wconf 81' lang='grc' dir='ltr'>Αὕτη</span> <span class='ocrx_word' id='word_1_269' title='bbox 956 4089 973 4166; x_wconf 81' lang='grc' dir='ltr'><em>ἡ</em></span> <span class='ocrx_word' id='word_1_270' title='bbox 998 4093 1079 4162; x_wconf 83' lang='grc' dir='ltr'>λᾶος</span> <span class='ocrx_word' id='word_1_271' title='bbox 1105 4090 1212 4178; x_wconf 75' lang='grc' dir='ltr'>γενικὴ</span> 
     </span>
    </p>
   </div>
   <div class='ocr_carea' id='block_1_6' title="bbox 112 4195 1213 4299">
    <p class='ocr_par' dir='ltr' id='par_1_11' title="bbox 112 4195 1213 4299">
     <span class='ocr_line' id='line_1_35' title="bbox 112 4195 1213 4299; baseline -0.006 -27"><span class='ocrx_word' id='word_1_272' title='bbox 112 4195 298 4292; x_wconf 83' lang='grc' dir='ltr'>μετάγεται</span> <span class='ocrx_word' id='word_1_273' title='bbox 317 4199 359 4274; x_wconf 85' lang='grc' dir='ltr'>είς</span> <span class='ocrx_word' id='word_1_274' title='bbox 376 4197 496 4268; x_wconf 83' lang='grc' dir='ltr'>εάθεῖαν</span> <span class='ocrx_word' id='word_1_275' title='bbox 511 4199 563 4268; x_wconf 78' lang='grc' dir='ltr'>καί</span> <span class='ocrx_word' id='word_1_276' title='bbox 582 4199 706 4290; x_wconf 87' lang='grc' dir='ltr'>γίνεται</span> <span class='ocrx_word' id='word_1_277' title='bbox 724 4200 743 4268; x_wconf 91' lang='grc' dir='ltr'>ὁ</span> <span class='ocrx_word' id='word_1_278' title='bbox 763 4206 854 4282; x_wconf 83' lang='grc' dir='ltr'>λᾶος,</span> <span class='ocrx_word' id='word_1_279' title='bbox 871 4199 984 4298; x_wconf 76' lang='grc' dir='ltr'>ὥσπερ</span> <span class='ocrx_word' id='word_1_280' title='bbox 1002 4204 1020 4272; x_wconf 90' lang='grc' dir='ltr'>ὀ</span> <span class='ocrx_word' id='word_1_281' title='bbox 1040 4202 1135 4299; x_wconf 73' lang='grc' dir='ltr'>Τρὼς</span> <span class='ocrx_word' id='word_1_282' title='bbox 1151 4211 1213 4276; x_wconf 78' lang='grc' dir='ltr'>τοῦ</span> 
     </span>
    </p>
   </div>
   <div class='ocr_carea' id='block_1_7' title="bbox 114 4312 1258 4522">
    <p class='ocr_par' dir='ltr' id='par_1_12' title="bbox 114 4312 1258 4522">
     <span class='ocr_line' id='line_1_36' title="bbox 114 4312 1049 4411; baseline 0.006 -27"><span class='ocrx_word' id='word_1_283' title='bbox 114 4313 231 4411; x_wconf 78' lang='grc' dir='ltr'>Τρωὸς</span> <span class='ocrx_word' id='word_1_284' title='bbox 247 4315 300 4384; x_wconf 83' lang='grc' dir='ltr'>καί</span> <span class='ocrx_word' id='word_1_285' title='bbox 317 4315 336 4383; x_wconf 92' lang='lat'><em>6</em></span> <span class='ocrx_word' id='word_1_286' title='bbox 355 4312 480 4410; x_wconf 82' lang='grc' dir='ltr'>Τρῶας,</span> <span class='ocrx_word' id='word_1_287' title='bbox 498 4316 516 4384; x_wconf 92' lang='lat'><em>6</em></span> <span class='ocrx_word' id='word_1_288' title='bbox 536 4314 618 4396; x_wconf 77' lang='grc' dir='ltr'>δμὼς</span> <span class='ocrx_word' id='word_1_289' title='bbox 633 4321 694 4384; x_wconf 83' lang='grc' dir='ltr'>τοῦ</span> <span class='ocrx_word' id='word_1_290' title='bbox 710 4315 812 4398; x_wconf 85' lang='grc' dir='ltr'>δμωὸς</span> <span class='ocrx_word' id='word_1_291' title='bbox 829 4318 880 4388; x_wconf 82' lang='grc' dir='ltr'>καὶ</span> <span class='ocrx_word' id='word_1_292' title='bbox 899 4319 918 4386; x_wconf 89' lang='grc' dir='ltr'>ὁ</span> <span class='ocrx_word' id='word_1_293' title='bbox 936 4316 1049 4403; x_wconf 83' lang='grc' dir='ltr'>δμῶας,</span> 
     </span>
     <span class='ocr_line' id='line_1_37' title="bbox 481 4442 1258 4522; baseline 0.004 -26"><span class='ocrx_word' id='word_1_294' title='bbox 481 4443 565 4509; x_wconf 82' lang='grc' dir='ltr'>δμῶας</span> <span class='ocrx_word' id='word_1_295' title='bbox 577 4443 644 4512; x_wconf 67' lang='grc' dir='ltr'>ἔχων</span> <span class='ocrx_word' id='word_1_296' title='bbox 656 4442 795 4512; x_wconf 79' lang='grc' dir='ltr'>μακιλλην,</span> <span class='ocrx_word' id='word_1_297' title='bbox 1212 4461 1217 4468; x_wconf 91' lang='grc'><em>·</em></span> <span class='ocrx_word' id='word_1_298' title='bbox 1223 4467 1238 4521; x_wconf 83' lang='lat'>3</span> <span class='ocrx_word' id='word_1_299' title='bbox 1244 4463 1258 4522; x_wconf 80' lang='lat'><em>5</em></span> 
     </span>
    </p>
   </div>
   <div class='ocr_carea' id='block_1_8' title="bbox 0 0 1497 5022">
    <p class='ocr_par' dir='ltr' id='par_1_13' title="bbox 0 0 1497 5022">
     <span class='ocr_line' id='line_1_38' title="bbox 0 0 1497 5022; baseline 0 0"><span class='ocrx_word' id='word_1_300' title='bbox 0 0 1497 5022; x_wconf 95' lang='lat' dir='ltr'> </span> 
     </span>
    </p>
   </div>
  </div>
 </body>
</html>
