2954 5020
14 299 56 364 α’.
402 309 469 370 ΕΙΣ
490 310 546 370 ΤΟ
568 307 864 370 ΟΝΟΜΑΤΙΚΟΝ.
1144 318 1184 382 97

68 479 399 575 περιττοσυλλαβος
429 477 521 564 οὖσα,
551 479 634 578 ὅπερ
659 478 752 550 ίστίν
776 475 916 550 άτοπον.
965 473 1030 546 Ἐν
1053 473 1102 554 οίς
1126 471 1183 548 σύν

70 595 159 686 Θεῷ
175 597 193 677 ή
210 594 340 692 πρᾶξις.
392 595 510 668 Ταῦτα
527 594 585 680 μὲν
602 595 634 666 ἕν
649 594 790 670 τούτοις.

130 709 249 782 Πάλιν
265 712 427 810 ἆποροῶσι
453 711 536 790 τινὲς
560 711 728 804 λέγοντες,
745 707 797 780 διὰ
818 709 918 779 τοίαν
933 707 1020 784 Α’ίας
1036 708 1183 786 Αἴαντος

68 825 227 918 λέγομεν
243 827 295 898 καί
311 829 355 911 μή
372 827 459 905 Αἴας
471 823 643 903 Αἰάντεσς’
660 825 713 896 καί
726 825 819 896 ἔστιν
832 826 948 908 εἰπεῖν,
957 823 1010 894 ὅτι
1024 821 1183 894 ούδίποτε

69 945 192 1036 γενική
222 945 600 1042 περιττοσυλλαβούσας
629 943 697 1040 ἔχει
725 940 780 1012 δύο
811 937 987 1028 συλλαβάς
1015 948 1074 1022 τῆς
1103 937 1209 1020 ι’ύίας5

68 1060 213 1141 εὐθείας,
230 1057 321 1130 άλλά
337 1059 425 1143 μίαν,
442 1059 512 1131 οἷον
530 1056 703 1156 Λάχητος,
722 1054 882 1154 Πάριόος,
899 1054 1054 1154 βότρυος.
1098 1052 1183 1126 Ἐάν

70 1177 218 1268 γένηται
235 1176 322 1253 Afas
333 1173 505 1259 Αίάντεος,
522 1177 637 1260 μελλιι
652 1179 670 1258 η’
683 1175 791 1270 γενική
804 1173 859 1244 δύο
876 1170 1052 1259 συλλαβάς
1069 1202 1183 1268 περιτ-

67 1293 183 1364 τεύειν
198 1301 257 1376 τῆς
273 1291 353 1371 ι’όίας
370 1294 499 1378 εύθείας,
516 1291 599 1389 ὅπερ
616 1293 708 1364 ἐστίν
724 1289 892 1362 ἀδύνατον.

127 1404 247 1479 Πάλιν
263 1409 428 1508 ἆποροῶσι
452 1408 536 1486 τινὲς
560 1408 729 1502 λέγοντες,
747 1409 776 1479 τί
791 1404 856 1505 ἄρα
872 1403 917 1478 τά
935 1409 977 1484 είς
996 1438 1013 1478 ι
1030 1411 1182 1500 λήγοντα

69 1522 405 1622 περιττοσυλλάβως
433 1525 603 1609 κλινόμινα
629 1524 647 1608 ή
671 1522 722 1598 διὰ
748 1529 811 1596 τοῦ
826 1555 846 1594 Δ
863 1523 881 1607 ή
899 1521 951 1596 διὰ
970 1531 1033 1596 τοῦ
1049 1555 1069 1596 ο
1088 1525 1106 1608 ή
1129 1522 1181 1597 διὰ
1195 1553 1231 1594 ιο

68 1649 140 1714 τοῦ
158 1673 180 1714 ’τ
196 1643 216 1726 ’ή
233 1641 284 1714 διὰ
301 1649 447 1741 καθαροῦ
467 1647 530 1715 τοῦ
550 1671 591 1713 οι
614 1641 791 1724 κλίνονται,
808 1637 877 1712 οίον
895 1638 1004 1738 Πάρις
1022 1637 1181 1739 Πάριδος,

71 1761 169 1856 ὅρνις
185 1759 323 1856 ὄρνιθος,
335 1756 454 1856 Λάχης
470 1755 642 1854 Λάχητος,
660 1757 784 1856 βότρυς
800 1759 954 1854 βότρυος,
971 1756 1182 1853 (πρόσκειται

72 1888 95 1918 “
113 1873 442 1973 περιττοσυλλάβως
473 1874 672 1959 κλινόμενα,”
702 1872 755 1946 διὰ
788 1873 830 1947 τό
863 1874 1001 1973 κοχλίας
1033 1873 1181 1971 κοχλίου,

71 1991 214 2070 Αἰνείας
230 1991 372 2074 Αἰνείου,
388 1997 496 2063 ταῦτα
521 1988 590 2088 γὰρ
616 1992 658 2068 εἰς
679 1995 877 2084 κλήγοντα,
897 1992 974 2064 ούτε
996 1987 1048 2062 όιὰ
1070 1995 1133 2062 τοῦ
1149 2019 1181 2074 Δ,

73 2112 158 2182 οὔτε
175 2107 227 2180 διὰ
244 2115 306 2182 τοῦ
323 2139 354 2192 0,
372 2111 449 2180 ούτε
465 2105 517 2180 διὰ
533 2113 595 2180 τοῦ
611 2137 641 2189 τ,
659 2109 735 2178 οὔτε
748 2103 799 2178 διὰ
817 2111 962 2204 καθαροῦ
976 2113 1038 2178 τοῦ
1056 2136 1095 2177 ox
1112 2106 1182 2176 κλί-
1195 2125 1229 2186 15

74 2255 205 2310 νονται,
222 2225 298 2296 ἄλλ’
317 2225 393 2297 οὔτε
408 2224 574 2296 κλίνονται
600 2219 932 2321 περιττοσυλλάβως,
949 2223 1025 2294 ἁλλ’
1046 2223 1184 2293 ι’σοσυλ-

73 2339 219 2435 λάβος,)
244 2347 312 2419 πῶς
336 2339 380 2414 τό
410 2341 500 2418 Θόας
527 2341 676 2417 Θόαντος
700 2338 753 2410 καί
778 2337 865 2416 Αίας
889 2337 1035 2416 Λίαντος
1060 2338 1113 2410 καί
1136 2337 1181 2411 τῶ

72 2463 220 2529 τοιαῦτα
238 2455 290 2528 διὰ
316 2461 378 2528 ταῶ
400 2487 443 2529 τις
467 2457 654 2540 κλίνονται;
679 2456 732 2527 καί
755 2457 848 2528 ἔστιν
865 2457 975 2540 εἰπεῖν,
993 2455 1047 2528 ότι
1066 2454 1180 2555 ῶσπερ

73 2573 120 2646 τῶ
138 2577 184 2651 είς
202 2603 224 2644 τι
241 2577 392 2666 λήγοντα
418 2574 584 2670 πεφύκασι
609 2569 774 2650 πολλάκις
790 2569 981 2672 πλεονάζειν
997 2571 1040 2644 τὸ
1058 2603 1078 2644 τ
1094 2571 1179 2644 κατὰ

72 2693 136 2774 τήν
164 2690 300 2782 γενικήν,
329 2692 369 2767 ὡς
395 2690 449 2760 ἐπὶ
475 2696 536 2761 τοῦ
561 2686 718 2785 Ξενοφῶν
742 2687 967 2786 Ξενοφῶντος,
992 2689 1229 2787 Κτησιφῶντα

77 2807 340 2903 Κτησιφῶντος,
371 2803 584 2901 ’Λγλαοφῶν
617 2803 898 2902 Ἀγλαοφῶντος,
933 2803 991 2897 (τὰ
1029 2805 1098 2903 γάρ
1137 2810 1180 2884 εἷς

76 2919 297 3009 ἀμετάβολον
325 2925 476 3014 λήγοντα
503 2919 543 2991 δι’
569 2922 671 2993 αύτοῶ
695 2927 758 2994 ποῶ
783 2921 1000 3010 ἆμεταβόλου
1029 2923 1180 2994 θίλουσιν

76 3038 277 3136 ἐκφέρεσθαι
311 3035 398 3108 κατὰ
430 3037 490 3120 τήν
524 3037 660 3130 γενικήν,
691 3036 760 3108 οίον
799 3035 949 3109 Πλάτων
983 3036 1178 3126 Πλάτωνος,

69 3151 210 3235 Ἕλλην
219 3151 417 3246 Ἕλληνος,)
436 3151 497 3226 τὸν
513 3151 612 3224 αι’ττῶν
626 3154 758 3249 τρόπον
772 3153 824 3223 καὶ
848 3155 881 3223 ἐκ
897 3160 958 3225 τοῦ
973 3155 1118 3228 ἐναντίου
1133 3155 1178 3228 τὰ

77 3273 119 3348 είς
138 3301 158 3342 z
176 3273 328 3362 λήγοντα
345 3270 511 3367 πεφύκασι
528 3265 721 3368 πλεονάζειν
736 3265 899 3347 πολλάκις
915 3268 959 3342 τό
978 3301 1000 3342 n
1016 3269 1101 3344 κατὰ
1118 3273 1178 3354 τήν
1190 3302 1205 3342 2
1209 3302 1225 3360 5

79 3387 217 3477 γενικήν,
233 3388 273 3462 ὡς
297 3384 351 3456 ἐπί
372 3391 433 3457 τοῦ
455 3385 579 3482 χαρίεις
601 3385 773 3481 χαρίεντος
789 3385 840 3456 καὶ
858 3384 945 3463 Λίας
961 3386 1109 3463 Αἴαντος
1125 3390 1177 3458 καὶ

78 3509 142 3574 τῶν
159 3504 290 3586 ὁμοίιον.

128 3615 245 3689 Πάλιν
270 3617 433 3714 ἆποροῶσι
462 3615 545 3694 τινὲς
573 3618 738 3712 λέγοντες,
766 3617 855 3691 όιατί
881 3617 949 3690 άπῶ
974 3624 1040 3690 τῶν
1067 3621 1109 3696 είς
1137 3649 1176 3690 n

80 3734 269 3835 βαρυτόνων
284 3731 410 3832 ἤρξατο
427 3735 446 3804 ὁ
463 3733 610 3832 τεχνικὸς
626 3741 770 3832 πρῶτον,
783 3736 834 3806 καί
850 3736 895 3820 μή
913 3733 981 3806 ἀπὸ
994 3741 1060 3807 τῶν
1076 3739 1119 3814 είς
1137 3767 1177 3808 ιτ

80 3851 249 3948 ὀξυτόνων,
267 3851 285 3934 ή
303 3849 371 3921 άπὸ
393 3855 458 3922 τῶν
475 3853 517 3928 είς
535 3881 575 3922 ιιι
591 3852 863 3947 περισπωμένους
888 3853 940 3922 καί
957 3852 1050 3925 ἔστιν
1067 3856 1226 3938 simmae

82 3969 132 4040 ὅτι
150 3965 221 4039 ἆπό
236 3973 302 4038 τῶν
318 3969 361 4043 είς
378 3995 418 4037 κε
436 3963 595 4061 ὀξυτόνων
612 3965 663 4038 διὰ
680 3974 784 4040 τοῦτο
808 3969 863 4038 ούκ
888 3966 1013 4064 ἤρξατο
1031 3970 1050 4040 ό
1067 4001 1177 4067 τεχνι-

81 4082 142 4174 κῶς,
159 4083 269 4168 ἐπειδή
285 4084 341 4154 ούκ
363 4083 426 4154 είσί
452 4081 497 4154 τὰ
523 4085 566 4160 είς
588 4113 629 4154 A:
651 4082 790 4178 όξύτονα
812 4082 892 4182 ὑπὲρ
909 4085 986 4166 μίαν
1002 4087 1176 4173 συλλαβήν

82 4203 182 4282 μόναις
206 4198 369 4298 ἆρσενικά,
387 4201 463 4270 ἁλλ’
482 4199 501 4282 ή
517 4200 620 4283 μόνως
637 4198 769 4284 θηλυκὰ,
787 4202 827 4278 ῶς
846 4201 900 4270 ἐπὶ
922 4207 984 4272 ποῶ
1001 4205 1019 4284 ή
1035 4201 1176 4299 τριὰς,ή

83 4315 168 4390 κοινά
185 4323 234 4409 τῷ
253 4315 349 4409 γάνει,
362 4315 538 4388 τουτίστιν
554 4316 722 4413 ἆρσενικοῶ
737 4317 790 4387 καί
808 4320 955 4400 θηλυκοῶ,
972 4320 1012 4394 ῶς
1028 4319 1047 4388 ὁ
1066 4316 1177 4416 φυγὰς

17 4435 132 4514 ςιοκαί
157 4438 175 4516 ή
200 4430 323 4532 φυγάς,
353 4433 372 4502 ὁ
397 4429 524 4530 Ἀρκὰς
550 4433 602 4503 καί
630 4435 648 4514 ή
672 4429 806 4530 Ἀρκάς,
836 4433 1084 4516 ὖπεσταλμίνου
1116 4439 1223 4515 τοῡ35

629 4571 648 4610 o
