2982 5022
301 333 343 397 24

297 489 507 582 συγκείμενον
535 483 663 582 λέξεως,
692 483 773 572 οἷον,
804 485 955 569 Μέμνων,
982 485 1073 562 λαός·
1108 485 1264 558 σόνθετον
1293 483 1329 556 δέ
1359 484 1406 557 τὸ

297 603 366 676 ἆπό
384 603 438 675 ὀόο
460 604 478 686 ᾖ
500 604 553 674 καί
577 603 735 674 πλειόνων
756 603 925 696 γινόμενον
941 599 1068 696 λέξεων,
1086 603 1137 672 καί
1152 603 1187 674 ἓν
1204 607 1298 684 σῶμα
1316 603 1407 673 ὀπο-
1483 649 1484 652 =

298 723 495 805 τελούμενον
511 719 580 792 ἆπό
606 719 660 791 δίο
678 726 793 818 μερῶν,
812 717 880 790 οίον
899 720 1126 812 Ἀγαμέμνων,
1144 717 1234 816 παρὰ
1252 717 1296 790 τό
1313 717 1406 811 ἅγαν

212 856 257 916 40
271 839 351 908 axa>
377 836 420 908 τό
445 838 557 920 μένειν,
583 839 636 908 καί
664 837 846 920 Μενέλαος,
869 834 961 933 παρὰ
987 834 1030 907 τό
1053 835 1156 919 μένειν
1182 833 1250 931 γὰρ
1278 835 1330 905 καί
1358 834 1406 906 τό

298 955 390 1032 λαός·
427 953 495 1026 ὀπό
528 955 686 1026 πλειόνων
720 952 765 1038 δέ,
800 950 879 1035 οἷον,
913 953 1065 1023 πεντεκαί
1084 975 1149 1022 εκα·
1191 958 1297 1023 τοῦτο
1330 950 1432 1048 γὰρ5

297 1069 366 1140 ἆτό
383 1076 482 1167 τριῶν
499 1072 668 1162 σύγκειται
694 1067 822 1162 λέξεων·
850 1067 918 1140 ἆτό
945 1066 1013 1166 γὰρ
1035 1074 1097 1139 τοῦ
1126 1068 1225 1140 πέντε
1246 1069 1405 1165 ἀριθμοῦ,

296 1185 348 1255 καί
366 1191 428 1256 τοῦ
444 1185 496 1256 καί
514 1185 703 1268 συνδέσμου,
720 1185 772 1254 καί
790 1191 853 1254 τοῦ
870 1183 944 1254 δέκα
958 1185 1109 1280 ἀριθμοῦ.
1141 1183 1406 1280 Παρασιίνθετον

295 1301 332 1372 ὀέ
348 1304 434 1386 έστι,
452 1301 495 1374 τὸ
511 1301 580 1373 ἆπό
599 1303 756 1372 συνθέτου
773 1301 953 1395 γινόμενον,
970 1303 1014 1384 μη
1034 1303 1146 1384 μέντοι
1170 1301 1405 1398 προσλαμβά-

296 1449 349 1488 νον
377 1417 484 1502 ἅλλην
512 1416 611 1510 λέξιν,
643 1414 712 1488 οίον
738 1419 778 1494 ὡς
808 1416 877 1488 ὀπό
907 1423 968 1488 τοῦ
1001 1417 1217 1500 Ἀμαμέμνων
1244 1419 1406 1490 συνθέτου

296 1509 853 1630 Ἀγαμεμνόνιῖςλπαρασιίνθετον,
883 1533 935 1602 καί
970 1530 1039 1604 ὀπό
1070 1539 1133 1603 τοῦ
1164 1531 1406 1630 Ἀριστάρχου
1420 1559 1452 1596 10

296 1650 451 1721 συνθέτου
474 1639 719 1746 Ἀριστόρχιος
736 1650 994 1745 ταρασιίνθετον,
1012 1646 1080 1720 ὀτό
1098 1647 1167 1745 γὰρ
1183 1655 1246 1720 τοῦ
1261 1647 1405 1746 ἄριστος

295 1766 347 1836 καί
364 1771 426 1836 τοῦ
438 1763 532 1862 ἄρχω
549 1766 651 1835 ἐστιν.
733 1765 765 1835 αί
790 1763 893 1835 πόλιν
911 1763 978 1835 ὀπό
996 1771 1059 1837 τοῦ
1073 1765 1213 1863 Ἀτρεὺς
1231 1768 1403 1850 συνθέτου,

295 1880 467 1979 Ἀτρείδης
500 1880 758 1977 ταρασιίνθετον·
790 1879 881 1977 παρὰ
910 1879 979 1977 γὰρ
1007 1880 1050 1952 τό
1079 1912 1101 1952 κ
1132 1881 1175 1953 τό
1205 1881 1404 1980 στερητικὸν

294 1997 471 2093 ἐπίρρημα,
489 1995 540 2066 καί
559 1993 602 2066 τό
618 2005 708 2090 τρεῖν
732 1993 775 2066 τό
792 2007 949 2078 σημαῖνον
970 1995 1013 2067 τό
1039 1999 1223 2095 φοβεῖσθαι
1251 2000 1403 2092 γέγονεν,

295 2111 391 2181 οίονεί
409 2111 427 2179 ὁ
446 2109 657 2206 ἐστερημένος
670 2115 733 2179 τοῦ
746 2111 941 2206 φοβεῖσθαι.
970 2109 1177 2208 Πρόσκειτοι
1196 2112 1269 2193 “μι“η
1285 2113 1400 2193 μέντοι
1417 2135 1449 2195 15

293 2223 561 2324 προσλαμβάνον
587 2225 701 2322 ἑτέραν
725 2223 847 2318 λέξιν,”
866 2225 975 2307 ἐπειδὴ
997 2225 1052 2296 ε’ὀν
1076 2223 1262 2323 προσλάβῃ
1285 2228 1403 2324 έτέραν

293 2341 383 2436 λέξιν
408 2340 450 2412 τὸ
476 2341 644 2424 σύνθετον,
668 2341 772 2411 οόκέτι
799 2342 1048 2438 παρασιίνθετον
1073 2351 1234 2427 καλεῖται,
1251 2343 1333 2413 ἀλλ’
1350 2345 1401 2414 ἔτι

293 2460 378 2542 μένει
400 2459 566 2540 σύνθετον,
584 2458 624 2532 ὡς
649 2456 702 2526 ε’πί
726 2463 787 2526 τοῦ
810 2463 993 2555 συνήγορος
1013 2461 1236 2557 εόσυννίγορος,
1254 2460 1403 2548 σύμβου-

294 2583 354 2652 λος
384 2575 618 2660 εὐσύμβουλος,
644 2570 880 2669 Ἀρίσταρχος
912 2575 1196 2672 φιλαρίσταρχος,
1229 2576 1402 2674 κένταυρος

294 2690 562 2787 ἱπποκένταυρος.
606 2685 718 2758 Ἐστι
745 2686 779 2758 δὲ
804 2690 822 2758 ὁ
851 2690 1022 2787 κένταυρος
1045 2693 1212 2776 σιίνθετον,
1238 2690 1329 2787 παρὰ
1358 2691 1452 2765 τότο

296 2811 411 2879 κεντῶν
435 2807 495 2888 τὴν
521 2807 621 2902 αὔραν
644 2809 717 2885 ἦτοι
743 2805 804 2886 τὴν
829 2809 939 2887 πνοήν.
983 2806 1074 2878 Φασὶ
1103 2805 1170 2904 γὰρ
1194 2807 1248 2879 ὅτι
1274 2809 1293 2877 ὁ
1324 2807 1403 2885 Ζεὺς

295 2923 463 3007 ὁμοιωθείς
487 2921 607 3016 νεφέλη
633 2920 823 3010 συνεγένετο
846 2922 939 3014 αότῇ,
966 2921 1017 2991 καί
1035 2923 1151 2994 ἐκεῖθεν
1167 2923 1353 3019 ἐτέχθησαν
1369 2925 1403 2994 οἱ

295 3039 473 3134 κένταυρον.
517 3035 635 3105 Ταῦτα
653 3033 711 3118 μέν
727 3036 802 3132 περὶ
819 3041 885 3106 τῶν
902 3033 1095 3132 σχημάτων.

347 3151 505 3250 Ἀριθμοί
524 3149 560 3222 ὀέ
575 3152 638 3221 είσι
651 3159 750 3246 τρεῖς,
766 3149 877 3238 ένικός,
892 3151 1004 3237 ὀυϊκός,
1015 3154 1240 3236 πληθυντικός.
1268 3151 1402 3234 Ἑνικός

296 3271 354 3352 μέν
370 3270 462 3340 ἐστιν
478 3269 497 3338 ὀ
515 3265 557 3339 τό
572 3269 608 3338 έν
625 3269 797 3352 σημαίνων,
815 3267 894 3350 οἷον,
912 3271 930 3338 ὁ
948 3268 1044 3345 Αίας·
1072 3267 1174 3348 θυΐκός
1191 3269 1225 3342 δὲ
1244 3272 1263 3340 ὁ
1281 3269 1325 3341 τὰ
1345 3269 1401 3342 ὀόο
1413 3285 1447 3342 ²5

296 3385 468 3470 σημαίνων,
486 3383 566 3468 οἶον,
582 3381 629 3453 τῶ
648 3381 786 3454 Αίαντε·
817 3381 1032 3466 πληθυντικῶς
1056 3383 1089 3455 δέ
1109 3387 1128 3454 ὁ
1145 3396 1233 3482 τρεῖς
1250 3385 1268 3468 ίη
1286 3387 1402 3457 πλείο-

298 3534 351 3579 νας
374 3501 545 3584 σημαίνων,
569 3495 638 3569 οίον
664 3501 697 3569 σι’
712 3497 864 3576 Αἴαντες·
891 3500 979 3597 ὀρχη
1004 3499 1073 3598 γὰρ
1098 3505 1243 3584 πλήθους
1268 3501 1287 3570 ὀ
1310 3510 1400 3598 τρεῖς

297 3617 435 3714 ὀριθμός
455 3617 540 3686 ἐστι.
580 3614 733 3692 Πτῶσεις
755 3613 790 3685 ὀέ
812 3619 874 3686 εἶσι
900 3615 1009 3697 πέντε,
1027 3617 1120 3713 ὀρθὴ,
1138 3615 1256 3708 γενικίη,
1275 3614 1399 3698 ὀοτικίη,

296 3731 461 3812 αι’τιατικίι
487 3731 538 3800 καί
564 3734 710 3812 κλητικῆ.
755 3729 908 3808 Πτώσεις
929 3729 963 3802 δὲ
986 3733 1084 3803 πέντε
1109 3734 1146 3803 οὖ
1170 3733 1280 3828 κυρίως
1306 3729 1399 3802 ἆλλᾶ

297 3850 579 3942 καταχρηστικῶς,
592 3847 632 3920 ὡς
644 3855 716 3920 τοῖς
727 3857 888 3942 τεχνικοῖς
900 3845 1136 3918 ἀποδέδεικται.
1164 3845 1314 3939 Λέγεται
1329 3843 1364 3916 δὲ
1381 3851 1400 3927 ἦ
1410 3874 1449 3931 30

273 3963 354 4048 ’μέν
379 3961 462 4060 ὀρθὴ
487 3961 688 4044 ὀνομαστικὴ
716 3961 768 4030 καί
796 3963 909 4034 εόθεΐα·
944 3963 996 4032 καί
1025 3962 1106 4058 ὀρθὴ
1133 3959 1192 4044 μέν
1216 3961 1268 4032 καί
1295 3963 1400 4034 ου’θεῐα

296 4087 456 4158 καλείτω,
473 4075 580 4158 ἐπειδὴ
602 4077 704 4172 ὀρθῶς
721 4077 865 4159 σημαίνει
892 4079 951 4160 τίην
969 4079 1081 4149 οόσίαν
1097 4085 1160 4148 τοῦ
1184 4075 1400 4175 πράγματος,

297 4193 367 4264 οίον
394 4189 575 4287 ἅνθρωπος,
601 4191 714 4267 ίττος·
744 4197 851 4264 ταῦτα
886 4191 955 4290 γὰρ
986 4195 1089 4290 ὀρθῶς
1117 4195 1309 4276 σημαίνουσι
1340 4193 1402 4274 την

296 4311 410 4381 οόσίαν
431 4313 493 4378 τοῦ
519 4303 731 4404 πράγματος·
766 4309 967 4392 ὀνομαστικὴ
996 4309 1029 4380 δὲ
1056 4310 1193 4402 λέγεται
1222 4307 1332 4392 ἐπειδὴ
1360 4307 1401 4380 δι’

296 4426 393 4510 αὐτῆς
421 4421 483 4501 τὰς
508 4424 685 4508 ὀνομασίας
714 4423 905 4510 ποιοίμεθα,
935 4425 1004 4498 οἷον
1034 4423 1204 4523 ἅνθρωπος
1232 4424 1399 4518 λεγέσθω,
1412 4438 1445 4497 35
