2972 5014
255 313 336 400 '378
567 317 771 379 ιααυιιοκ
791 317 1090 380 κοιιοιιουκσι
1404 319 1485 378 ιω

273 485 382 584 ἀριῖον
404 482 501 582 διχιῦς
525 485 702 570 κλίνονται,
724 487 754 556 εί
776 484 836 570 μὲν
857 484 927 583 γάρ
949 484 1020 558 ἀπά
1044 492 1110 558 τοῦ
1135 487 1156 558 ό
1183 495 1303 564 πλεῖος
1328 496 1395 560 τοῦ

275 601 402 688 πλείου,
426 601 479 672 καί
508 601 528 671 ὁ
557 598 664 698 όρειος
688 605 752 672 τοῦ
780 601 901 698 ἀρείαυ,
927 600 1083 685 δηλονότι
1108 599 1154 672 τό
1182 610 1304 675 πλεῖον
1329 611 1396 676 τοῦ

276 717 393 789 πλείου
416 719 468 790 καί
494 715 537 790 τδ
559 715 667 814 ἀρειον
686 723 750 788 τοῦ
774 717 884 814 ἀρείαυ
907 717 1063 809 λέγομεν·
1089 719 1120 787 εί
1141 715 1177 788 δὲ
1200 715 1274 789 ἀπό
1291 723 1394 792 τοῦδ

276 835 398 907 πλείου
418 841 480 908 τοῦ
504 834 654 910 πλείονος
675 833 729 903 καὶ
749 833 769 902 ό
786 833 900 929 ἀρείων
915 839 978 903 τοῦ
994 833 1149 928 ἀρείονος,
1167 831 1330 916 δηλονότι
1349 835 1395 906 τό

278 956 394 1020 πλεῖον
417 955 481 1022 τοῦ
507 948 658 1024 πλείονος
681 947 735 1018 καὶ
764 944 808 1018 τό
834 947 944 1044 ἀρεῖον
967 953 1031 1018 τοῦ
1056 947 1205 1044 ἀρείονος
1229 949 1422 1042 λέγομεν.5

279 1063 397 1138 Ταῦτα
413 1063 471 1148 μέν
487 1065 520 1136 έν
535 1063 678 1141 τοῦτοιι.

324 1177 458 1252 Ἰστέον
479 1177 514 1253 δὲ
536 1179 591 1251 ότι
613 1180 680 1250 πᾶν
700 1175 869 1273 οὐδέτερον
886 1178 930 1252 εἶς
948 1205 969 1248 ιι
986 1183 1095 1270 λῆγον
1111 1175 1238 1254 ἀπαθές
1255 1179 1395 1276 βραχυ-

277 1303 493 1378 καταληκτεῖν
518 1295 617 1378 θέλει,
643 1290 712 1365 οίον
736 1290 836 1387 ξόλον
862 1292 986 1389 μέτρον
1011 1293 1171 1390 πλέθρον,
1197 1293 1302 1391 χιφῖς
1327 1301 1395 1367 τοῦ

277 1413 354 1494 πᾶν,
378 1417 483 1484 τοῦτο
507 1407 576 1506 γάρ
600 1404 918 1505 μακροκατόληκτόν
943 1409 1028 1491 ε’στι,
1051 1409 1105 1480 καὶ
1128 1413 1197 1480 τῶν
1222 1407 1318 1506 παρά
1345 1408 1392 1480 τό

276 1531 356 1603 ποῦς
382 1525 606 1618 συγκειμένων,
635 1523 687 1594 καί
716 1528 822 1594 τοῦτο
852 1519 922 1619 γάρ
950 1531 1265 1621 μακροκαταληκπει·
1293 1527 1340 1603 είς
1368 1555 1440 1596 κιο

276 1648 393 1734 λῆγον,
419 1639 488 1712 οἷον
515 1637 560 1712 τό
589 1637 702 1710 δίπουν
730 1636 774 1710 τό
803 1637 942 1734 τρίπουν
967 1635 1010 1710 τό
1039 1637 1230 1736 τετράπουν
1257 1641 1313 1710 καὶ
1343 1639 1390 1712 τό

277 1755 392 1829 ἀπουν.
444 1756 651 1854 Πρόσκειται
670 1767 690 1798 “
703 1753 858 1838 ἀπαθὲι,”
875 1751 928 1824 διά
950 1751 994 1824 τά
1019 1755 1109 1841 βοῦν
1132 1751 1177 1825 τό
1201 1762 1320 1828 ποιοῦν
1342 1755 1388 1827 τό

277 1881 420 1972 χρυσοῦν
443 1872 487 1948 τά
512 1879 666 1972 χαλκοῦν,
691 1878 799 1946 ταῦτα
825 1869 894 1969 γάρ
920 1869 989 1943 ἀπά
1014 1870 1157 1970 κρόσεως
1182 1873 1300 1968 έχουσι
1325 1875 1390 1956 τὴν

276 1988 415 2086 μακράν,
428 1987 496 2062 ἀπό
512 1987 580 2086 γάρ
592 1995 655 2062 τοῦ
669 1987 714 2060 τό
730 1984 838 2076 βοείου
849 1988 902 2058 καί
919 1985 964 2058 τά
981 1988 1092 2059 παιέου
1108 1988 1161 2060 καί
1178 1985 1223 2059 τά
1240 1989 1390 2085 χρόσεον

277 2105 330 2177 καὶ
346 2104 390 2178 τά
408 2103 550 2202 χάλκεον
568 2105 729 2198 γεγόνασι
755 2100 841 2175 κατὰ
865 2105 993 2200 κρᾶσιν,
1015 2104 1067 2174 καὶ
1092 2100 1135 2175 τά
1159 2102 1299 2174 διπλοῦν
1314 2101 1388 2174 ἀπό
1401 2135 1435 2192 ¹5

277 2227 340 2294 τοῦ
356 2219 507 2308 διπλόον,
525 2219 578 2291 καὶ
594 2217 638 2292 τά
656 2221 797 2318 εῦγῆρυν
813 2216 881 2290 ἀπὸ
897 2225 962 2291 τοῦ
978 2220 1146 2316 εῦγῆραον·
1171 2218 1217 2291 τό
1234 2248 1388 2317 καρχαρ-

167 2335 226 2424 183
241 2359 262 2404 α
278 2335 371 2409 όδουν
392 2338 445 2408 καί
470 2334 512 2408 τό
534 2339 660 2419 τιμίειν
677 2331 745 2404 ἀπδ
762 2339 823 2406 τοῦ
839 2333 1048 2431 καρχαρόδον
1070 2335 1123 2406 καὶ
1147 2341 1261 2418 τιμῆεν
1279 2335 1387 2428 γεγό-

277 2483 351 2525 νασι
376 2450 461 2526 κατά
487 2448 699 2535 πλεονασμόν
722 2447 766 2523 τδ
790 2447 849 2532 μὲν
869 2455 932 2521 τοῦ
947 2479 967 2520 ο
982 2447 1025 2522 τά
1043 2447 1077 2522 δέ
1092 2455 1155 2521 τοῦ
1174 2473 1197 2521 ι·
1224 2447 1268 2521 τό
1291 2447 1386 2544 ἀξιό-

275 2599 380 2667 χρεον
402 2567 454 2640 καί
480 2565 650 2640 ἀνόπλεοιν
675 2564 835 2648 Ἀττικῆν
859 2565 994 2636 ἔκτασιν
1017 2566 1141 2637 ἔπαθον
1156 2570 1220 2637 τοῦ
1240 2595 1260 2635 ο
1279 2567 1324 2642 εἰς
1338 2563 1384 2638 τό

277 2715 311 2770 ο,
327 2683 396 2757 ἀπό
411 2690 474 2757 τοῦ
489 2681 666 2780 ἀξιόχρεον
681 2682 734 2753 καί
752 2677 916 2752 ἀνόπλεον
934 2678 987 2752 διά
1004 2687 1066 2752 τοῦ
1083 2711 1115 2751 ο.
1395 2714 1433 2754 20

327 2800 464 2872 Τοῦτον
493 2798 593 2877 οῦτοις
624 2797 778 2895 ε’χόντιον,
803 2794 896 2890 ἀξιον
920 2797 997 2868 ἐστὶ
1028 2793 1168 2896 ζητῆσαι
1199 2793 1254 2867 διά
1281 2797 1384 2868 ποίαν

277 2916 385 2988 αἰτίαν
412 2912 455 2986 τό
489 2916 556 2986 πᾶν
587 2919 905 3010 μακροκαταλυκτεῖ.
965 2910 1037 2982 Καὶ
1068 2912 1161 2983 ἔστιν
1190 2911 1293 2982 εἰπεῖν
1321 2913 1385 2994 τὴν

277 3029 386 3101 αἰτίαν
413 3029 547 3111 rath-qv·
582 3029 682 3099 κανιῦν
710 3027 804 3098 ἐστιν
831 3027 850 3096 ό
879 3025 998 3118 λέγων,
1029 3025 1084 3097 ότι
1113 3029 1181 3096 πᾶν
1210 3025 1384 3122 ου’δέτερον

277 3143 634 3242 παρεσχηματισμένον
657 3142 813 3234 ἀρσενικῷ
839 3141 926 3212 θέλει
952 3136 1139 3238 φυλάττειν
1157 3141 1191 3211 ε’ν
1205 3147 1250 3235 τῇ
1268 3150 1383 3214 τελευ-

276 3262 355 3353 ταίᾳ
385 3259 543 3354 συλλαβῇ
573 3256 636 3331 τάν
668 3257 767 3330 τόνον
799 3263 858 3339 τῆς
889 3256 1080 3333 τελευταίας
1113 3257 1286 3343 συλλαβῆς
1319 3263 1425 3352 ταῦις

277 3375 456 3473 ἀρσενικοῦ,
482 3371 552 3446 οίον
576 3371 676 3451 καλάς
700 3371 812 3456 καλὸν,
829 3369 940 3470 σοφός
957 3369 1080 3468 σοφόν,
1099 3368 1174 3465 όξῦς
1190 3369 1260 3464 όξῦ,
1275 3371 1382 3468 ταχῦς

276 3491 377 3589 ταχὺ,
394 3492 553 3590 αῦταρκίις
569 3493 601 3562 έν
617 3496 660 3584 τῇ
681 3489 856 3579 τελαιταίᾳ
882 3487 1040 3582 συλλαβῇ
1064 3487 1185 3586 βαρεῖα
1209 3483 1301 3556 ἀλλά
1327 3489 1380 3558 καί

278 3606 432 3706 αὔταρκές
456 3609 553 3701 ε’ντῇ
576 3604 750 3696 τελευταίᾳ
775 3603 933 3696 συλλαβῇ
954 3603 1086 3700 βαρεῖα,
1102 3601 1260 3684 κακοῆθίιι
1280 3601 1314 3672 έν
1335 3609 1378 3696 τῇ

276 3724 450 3815 τελευταίᾳ
476 3723 633 3817 συλλαβῇ
659 3722 808 3817 βαρεῖαν,
834 3714 925 3790 ἀλλά
953 3718 1006 3790 καί
1034 3718 1067 3789 έν
1091 3723 1140 3809 τῷ
1165 3717 1322 3800 κοκοῆθῆς
1345 3719 1380 3788 έν

277 3839 320 3928 τῇ
337 3836 511 3928 τελευταίᾳ
534 3835 690 3929 συλλαβῇ
707 3835 855 3932 βαρεῖαν.
896 3829 1054 3930 Ἐχομεν
1071 3829 1140 3928 γάρ
1157 3832 1190 3902 ε’ν
1205 3841 1277 3909 τοῖς
1293 3861 1378 3930 προ-
1385 3865 1422 3923 30

276 3951 450 4039 λαβοῦσιν,
484 3951 538 4024 ότι
572 3955 667 4024 πῦσα
701 3949 858 4038 συλλαβίι
892 3948 992 4045 χωρίς
1023 3956 1082 4031 τῆς
1114 3948 1288 4036 συλλαβῆς
1319 3959 1377 4034 τῆς

277 4066 415 4163 ε’χοόσης
434 4064 495 4138 τάν
517 4066 623 4163 κόριον
643 4067 742 4140 τόνον
765 4073 825 4150 τῆς
849 4063 975 4160 λέξεως,
994 4065 1081 4164 φημί
1102 4063 1139 4148 δίι
1156 4064 1217 4147 τὴν
1234 4061 1377 4158 όξεῖανῆ

277 4183 337 4267 τὴν
354 4183 608 4280 παρισταμένην,
626 4185 763 4280 βαρεῖαν
779 4179 923 4278 δίχεται.
971 4179 1195 4264 Σεσημείιοται
1212 4177 1255 4251 τά
1273 4177 1316 4256 είς
1332 4181 1374 4251 ἕν·

277 4301 416 4373 ἐνταῦθα
442 4299 510 4398 γὰρ
536 4302 591 4371 οῦκ
619 4296 795 4396 ἀφυλόχθη
822 4297 842 4367 ό
866 4295 963 4374 τόνος
986 4301 1050 4368 τοῦ
1078 4297 1245 4393 ἀρσενικοῦ
1269 4295 1302 4366 έν
1327 4303 1374 4386 τῷ
