2954 5024
305 337 369 398 244
598 317 799 377 ΓΕΩΡΓΙΟΤ
822 317 1113 378 ΧΟῙΡΟΒΟΣΚΟὟ
1411 314 1432 371 K

304 489 381 559 ἀλλ’
398 490 453 556 οῦκ
469 487 550 557 είσίν
567 484 731 583 ἀρσενικὰ,
752 483 844 556 ἀλλὰ
863 483 995 566 θηλυκά.
1040 484 1249 581 Πρόσκειται
1271 486 1340 554 “ε’ν
1361 491 1404 578 τῇ
1465 559 1466 592 γ

303 605 476 692 τελευταίᾳ
494 603 675 694 συλλαβῇ”
693 597 745 670 διά
759 598 933 682 τάἋιδης
949 601 1002 670 καί
1018 598 1180 696 Ἡρῴδης·
1206 605 1316 672 ταῦτα
1338 598 1404 695 γάρ

304 721 347 796 είς
366 750 382 789 x
404 723 567 808 λήγουσιν
588 718 640 786 καί
671 712 824 812 ἀρσενικὰ
847 717 910 786 εἶσί
938 717 990 786 καί
1019 717 1134 812 ἔχουσι
1156 712 1200 785 τά
1225 745 1237 786 1
1265 715 1407 812 ἀνεκφῶ-

305 865 411 918 νητον,
428 833 504 902 ἀλλ’
524 834 580 902 οῦκ
597 834 630 902 ἐν
644 839 688 924 τῇ
703 831 879 923 τελευταίᾳ
898 832 1066 925 συλλαβῇ.
1119 830 1238 902 Ταῦτα
1259 831 1319 912 μὲν
1334 832 1406 926 περὶ

305 956 366 1020 τοῦ
381 956 486 1030 τιμῆς.
538 945 591 1017 Τά
609 946 642 1017 δὲ
659 953 804 1022 πλακοῦς
820 954 1037 1031 πλακοῦντος,
1054 947 1106 1016 καί
1132 947 1255 1029 Σιμοῦς
1271 947 1431 1030 Σιμοῦν-,ἱ

304 1095 373 1146 τος,
401 1065 522 1156 γέγονε
545 1069 667 1134 τοῦτον
689 1061 750 1133 τάν
778 1063 918 1159 τρόπον·
953 1064 1028 1133 ἔστι
1064 1061 1097 1132 δὲ
1132 1063 1290 1139 πλακόεις
1323 1071 1406 1132 τλα-

305 1179 446 1264 κόεντος,
463 1180 515 1250 καί
534 1178 666 1263 Σιμόεις
684 1177 874 1259 Σιμόεντος,
890 1179 943 1248 καί
965 1175 1051 1248 κατά
1069 1181 1186 1274 κρᾶσιν
1202 1183 1266 1249 τοῦ
1283 1209 1304 1249 ε
1321 1178 1371 1248 καί
1386 1207 1405 1246 α

306 1299 350 1374 είς
365 1297 425 1380 τήν
443 1326 483 1366 ow
509 1294 702 1391 δίφθογγον
720 1293 847 1386 γίνεται
868 1300 1013 1372 πλακοῦς
1038 1293 1090 1363 καί
1119 1293 1253 1376 Σιμοῦς,
1270 1291 1316 1364 τά
1342 1292 1404 1364 δὲι

307 1413 493 1498 ἀπεβλήθη,
513 1406 622 1491 ἐπειδή
645 1410 682 1479 οῦ
707 1407 857 1480 δόνανται
883 1411 961 1506 τρία
992 1413 1161 1506 φωνήεντα
1187 1410 1220 1478 έν
1245 1416 1309 1501 μιᾷ
1334 1417 1407 1480 σνλ·

307 1527 399 1618 λαβῇ
423 1520 758 1621 παραλαμβάνεσθαι·
793 1521 837 1595 τῦ
862 1522 930 1622 γάρ
960 1555 980 1594 0
1011 1525 1066 1594 οῦκ
1091 1522 1228 1606 ήδιίνοτο
1255 1525 1407 1612 ἀποβλη-
1421 1553 1453 1592 ιο

309 1646 410 1725 θῆναι,
427 1638 536 1721 ε’πειδή
553 1637 712 1710 οῦδέτοτε
727 1637 812 1720 μεπά
825 1640 886 1721 τήν
903 1669 926 1709 ιι
945 1639 1005 1732 (τι)
1023 1637 1219 1736 δίφθογγον
1236 1641 1409 1738 σύμφωνον

308 1759 486 1855 εῦρίσκεται
513 1753 762 1850 ἐπιφερόμενον,
779 1750 870 1823 ἀλλά
897 1759 1030 1851 φωνῆεν·
1069 1750 1137 1824 οἷον
1163 1763 1252 1837 μυῖα,
1276 1753 1410 1850 ἅρπιια,

307 1875 381 1949 υἱός.
408 1872 458 1941 Εί
469 1871 644 1956 ἀπεβλήθη
655 1865 708 1938 οῦν
718 1867 791 1939 τὸο
805 1869 859 1939 καί
871 1867 1049 1966 ἔφυλόχθη
1061 1873 1080 1951 ή
1094 1898 1117 1939 ιι
1129 1867 1192 1962 (τι)
1207 1867 1411 1966 δίφθογγος,

307 1988 474 2084 εὑρίσκετο
491 1983 575 2068 μετά
592 1984 654 2066 τήν
665 2013 695 2054 τι
714 1982 908 2080 δίφθογγον
924 1985 1101 2082 σύμφωνον
1117 1983 1358 2082 ἐπιφερόμενον
1369 1981 1411 2054 τῦ

309 2135 337 2188 x,
354 2105 437 2200 ὅπερ
454 2104 548 2174 ἐστὶν
564 2099 732 2173 ἀδῦνατον.
789 2099 842 2171 Τό
861 2100 895 2172 δέ
911 2099 944 2173 εῦ
962 2104 1010 2196 (τ)
1028 2104 1084 2173 οῦκ
1100 2103 1289 2190 ἀπεβλήθη,
1297 2104 1353 2174 ’ίνα
1368 2103 1412 2186 μή
1423 2136 1431 2172 ι
1439 2135 1454 2188 5

307 2220 442 2315 γένηται
467 2215 601 2289 ῦπόνοιά
628 2248 679 2294 τις
701 2217 755 2287 ὅτι
781 2215 823 2288 τδ
851 2219 946 2288 οκαί
965 2247 985 2288 ιι
1011 2221 1055 2295 είς
1080 2219 1140 2301 τήν
1159 2249 1191 2289 οι
1218 2217 1413 2315 δίφθογγον

307 2338 483 2433 κίρνανται·
518 2331 647 2430 τὸγὰρ
666 2363 685 2404 α
706 2332 759 2402 καί
787 2361 806 2402 ε
832 2334 876 2408 είς
899 2333 961 2415 τήν
977 2363 1017 2404 ος
1039 2331 1235 2431 δίφθογγον
1251 2335 1413 2428 κίρνοπαι,

309 2449 388 2534 οἷον,
413 2449 456 2520 τὸ
483 2448 561 2532 ε’μδν
585 2447 719 2534 τοῦμδν,
747 2447 890 2544 πρόεστι
917 2450 1075 2545 τροῦστι,
1099 2449 1231 2546 προέβη
1267 2451 1412 2548 προῦβη.

309 2562 378 2656 Ἐξ
392 2559 532 2655 ἀνάγκης
549 2565 602 2632 οῦν
619 2563 795 2649 ἀπεβλήθη
812 2560 855 2633 τά
873 2592 896 2644 ι,
910 2565 962 2633 καί
979 2565 1097 2647 ἔμεινεν
1114 2569 1133 2646 ή
1151 2595 1192 2636 ος
1209 2563 1412 2662 δίφθογγος.

310 2680 428 2752 Ταῦτα
446 2678 503 2764 μὲν
519 2679 551 2750 έν
567 2677 710 2754 τοῦτοις.
1424 2713 1454 2753 20

349 2795 474 2891 Ἀξιον
491 2795 525 2867 δέ
541 2794 614 2867 ε’στί
632 2793 783 2893 ζητῆσαι,
802 2793 854 2864 διὰ
877 2796 975 2865 ποίαν
992 2796 1110 2876 αἰτίαν,
1127 2793 1240 2892 ὥσπερ
1268 2794 1337 2867 ἀπά
1354 2801 1415 2866 τοῦ

309 2913 416 2988 πλόος
446 2913 572 3004 γίνεται
599 2917 703 2986 πλοῦς
727 2906 813 2979 κατά
838 2912 954 3005 κρᾶσιν
978 2915 1044 2980 τιῦυ
1069 2909 1125 2980 διίο
1150 2941 1191 2981 οο
1218 2914 1261 2987 είς
1286 2912 1348 2993 τήν
1375 2941 1414 2980 ατ

311 3025 517 3124 δίφθογγον,
535 3026 587 3095 καί
606 3023 755 3096 ἀπὸτοῦ
771 3024 838 3101 ίόος
856 3023 917 3106 οῦς,
935 3025 986 3094 καί
1008 3022 1076 3094 ἀπὸ
1099 3031 1160 3097 τοῦ
1175 3027 1252 3122 ῥόος
1268 3030 1355 3120 ῥοῦς,
1370 3026 1413 3108 μή

200 3151 294 3239 132b
310 3141 372 3214 τδν
390 3140 488 3211 αῦτάν
505 3141 702 3236 τρόπονκαὶ
729 3137 796 3210 ἀπὸ
822 3146 884 3210 τοῦ
909 3141 990 3231 γόος
1012 3141 1064 3209 καί
1090 3137 1167 3216 θοῦς
1184 3141 1310 3232 γίνεται
1329 3139 1412 3212 κατά

309 3261 426 3356 κρᾶσιν
442 3261 507 3326 τῶν
525 3255 579 3326 δύο
598 3287 638 3327 οο
658 3259 700 3332 είς
716 3257 776 3337 τήν
798 3285 838 3326 απ
856 3253 1049 3352 δίφθογγον
1067 3263 1144 3348 γαῦς
1161 3257 1213 3326 καί
1232 3260 1317 3334 θοῦς.
1345 3257 1411 3326 Καὶ
1422 3287 1451 3342 25

310 3375 386 3472 περί
403 3371 460 3456 μὲν
477 3378 539 3444 τοῦ
555 3371 636 3464 γόος
656 3372 748 3442 ἔστιν
766 3373 876 3454 εἰπεῖν,
894 3369 948 3440 ὅτι
974 3371 1042 3466 ἔχει
1067 3374 1155 3466 ῥῆμα
1181 3374 1414 3468 παρακείμενον

311 3497 369 3572 τῆς
399 3487 547 3586 δευτέρας
573 3483 728 3585 συζυγίας
756 3490 821 3555 τῶν
850 3485 1113 3580 περισπωμένων,
1138 3491 1203 3558 τῶυ
1230 3485 1344 3558 ἀλλων
1372 3490 1415 3572 μή

312 3604 464 3700 ἐχόντων,
484 3599 552 3671 οἷον
569 3601 675 3677 πλόος
700 3601 791 3670 πλέω
821 3601 939 3680 πλέεις,
964 3600 1043 3694 ῥόος
1066 3601 1129 3694 ῥέω
1153 3602 1242 3696 ῥέεις,
1261 3602 1335 3680 νόος
1361 3605 1415 3673 νέω

313 3719 397 3799 νέεις,
416 3716 514 3813 θρόος
539 3721 626 3811 θροῦ
652 3719 766 3812 θροεῖς.
816 3713 956 3795 Ἐπειδὴ
974 3719 1054 3807 γοῦν
1071 3714 1114 3786 τὸ
1140 3716 1220 3808 γόος
1241 3717 1310 3813 ἔχει
1326 3722 1415 3814 ῥῆμα

313 3833 545 3929 παρακείμενον
561 3839 619 3910 τῆς
645 3828 792 3926 δευτέρας
815 3826 970 3928 συζυγίας
985 3835 1050 3900 τῦν
1067 3832 1328 3928 περισπωμένων,
1346 3839 1415 3925 γοῦν
1424 3863 1454 3918 30

314 3946 382 4042 γὰρ
401 3952 494 4040 γοᾷς,
512 3946 641 4023 είκότως
664 3949 703 4022 ὡς
728 3941 950 4041 παραλλόξαν
971 3951 1075 4016 τοῦτο
1101 3945 1184 4042 πρός
1208 3944 1253 4018 τὰ
1280 3945 1333 4018 διδ
1357 3956 1416 4020 τοῦ

776 4059 980 4087 ὶλλΙ

315 4093 387 4146 ουν,
405 4060 601 4159 παρήλλαξε
626 4063 678 4132 καί
705 4093 790 4132 κατα
815 4092 858 4131 το
881 4092 924 4143 μη
948 4066 1131 4158 κιρνασθαι.
1183 4061 1270 4160 Περί
1297 4063 1331 4136 δέ
1357 4073 1415 4137 τοῦ

361 4177 495 4204 λη’

315 4185 402 4264 θοος,
412 4208 466 4248 οτι
480 4175 587 4260 επειδή
604 4183 669 4250 τῦν
687 4175 739 4247 διὰ
756 4183 817 4248 τοῦ
830 4207 891 4248 002
905 4175 1115 4264 δισυλλάβων
1128 4175 1259 4250 πόντων
1276 4182 1413 4278 βαρυνο-

597 4293 606 4318 l
686 4293 718 4320 Η

313 4295 422 4378 μένων,
440 4289 508 4364 οἷον
535 4301 650 4376 πλυος,
676 4324 762 4390 ροος,
790 4293 897 4388 θρόος,
924 4293 1015 4384 γόος,
1043 4289 1188 4375 νόος,τά
1216 4293 1293 4370 θοὸς
1318 4297 1413 4380 μόνον

316 4407 472 4502 ὀξύνεται,
489 4407 619 4482 είκότως
636 4409 676 4483 ὡς
692 4405 914 4501 παραλλάξαν
929 4405 1015 4478 κατὰ
1033 4407 1092 4479 τδν
1110 4409 1207 4479 τόνου
1219 4409 1412 4506 παρήλλαξε
1420 4443 1447 4496 35
