2958 5018
398 333 465 394 ΕΙΣ
486 333 542 394 ΤΟ
564 333 857 396 ΟΝΟΜΑΤΙΚΟΝ.
1109 347 1170 414 311

95 501 254 574 ’Ῑστέον
270 500 305 573 δὲ
321 500 377 572 ὅτι
397 500 440 574 τά
458 499 576 595 Φοῖνιξ
598 502 651 574 καί
668 500 788 598 πέρδιξ
802 503 854 572 καί
878 499 999 596 τέττιξ
1013 504 1046 573 έν
1060 503 1174 586 μόναις

18 628 134 696 ταῖς
170 617 330 711 πλαγίαις
353 617 525 690 ἐκτείνοντι
548 615 592 690 τά
611 648 633 701 ι,
649 618 808 690 τουτέστι
825 619 924 716 φύσει
950 616 1075 715 μακράν
1091 616 1173 690 αὐτὸ

20 738 232 816 ποιοῦσιν,
249 734 282 804 έν
304 730 337 804 δέ
362 738 405 826 τῇ
429 733 531 823 εὐθείᾳ
562 734 803 806 συστέλλουσιν
830 733 922 820 αὐτὸ,
947 734 1105 805 τουτέστι
1137 733 1173 803 οὐ

27 851 172 948 φύσει
188 847 312 946 μακράν
329 847 410 921 αὐτά
437 849 577 944 ἔχουσιν,
594 848 740 947 ὤφειλον
756 851 809 920 καί
834 851 866 920 έν
882 857 925 944 τῇ
949 849 1051 940 εὐθείᾳ
1074 849 1174 919 ε’κτεί-

32 998 122 1038 νειν
161 966 254 1038 αὐτά·
280 964 390 1048 ἐπειδὴ
415 962 460 1036 τά
486 967 530 1042 είς
555 991 590 1038 ιε
616 966 669 1036 καί
694 961 739 1037 τὰ
765 967 808 1042 εἷς
831 992 872 1037 τε
896 971 1007 1062 μακρᾷ
1022 971 1199 1061 παραλη-5

32 1081 210 1174 γόμενα,
227 1081 294 1152 ε’ίτε
319 1080 417 1177 φύσει
443 1079 510 1152 ε’ίτε
535 1079 634 1166 θέσει,
652 1080 749 1152 άπλᾶ
767 1079 858 1162 ὄντα,
876 1080 1023 1152 ἐκτείνειν
1040 1079 1173 1152 θέλουσι

35 1195 97 1269 τὸ
147 1194 311 1292 δίχρονον,
344 1193 504 1267 τουτέστι
535 1195 634 1292 φύσει
667 1192 793 1292 μακρὸν
822 1193 903 1266 αὐτὸ
932 1195 1074 1290 ἔχουσιν,
1105 1191 1174 1266 οἷον

37 1310 182 1409 κῆρυξ,
211 1309 356 1408 Βέβρυξ,
382 1307 511 1406 τέττιξ,
542 1307 668 1409 πέρδιξ.
720 1311 944 1396 Σεσημείωται
972 1307 1017 1382 τά
1047 1313 1090 1388 είς
1116 1337 1173 1383 Δια

42 1428 115 1498 καὶ
150 1425 194 1498 τά
219 1424 337 1524 χοῖνιξ·
364 1426 418 1498 ὅτι
445 1424 513 1523 γὰρ
539 1427 686 1500 ἐκτείνειν
703 1425 850 1525 ὤφειλον
866 1426 909 1500 τά
935 1457 945 1498 ι
969 1426 1021 1500 καί
1041 1423 1085 1498 τά
1107 1457 1127 1498 ο
1142 1427 1175 1497 έν

44 1551 102 1638 τῇ
136 1543 242 1634 εὐθείᾳ
274 1541 372 1626 δῆλον
396 1541 465 1613 άπὸ
490 1547 552 1614 τοῦ
573 1544 626 1615 καί
654 1543 687 1614 έν
706 1549 750 1638 τῇ
774 1549 882 1638 γενικῇ
907 1543 1054 1614 ε’κτείνειν
1077 1539 1174 1614 αὐτά.
1187 1573 1224 1612 10

50 1657 194 1729 Καυιδν
211 1655 247 1729 δέ
261 1659 390 1730 ε’στινὸ
416 1659 533 1750 λέγων,
551 1656 605 1730 ὅτι
624 1661 642 1741 ἦ
663 1663 909 1755 παραλήγουσα
934 1665 992 1741 τῆς
1018 1689 1177 1755 περιττο-

53 1772 250 1862 συλλάβου
275 1781 397 1867 γενικῆς
422 1771 580 1845 οὐδέποτε
602 1775 782 1871 εὑρίσκεται
805 1770 921 1871 μείζων
936 1781 995 1856 τῆς
1010 1774 1176 1867 ληγούσης

53 1899 128 1972 τῆς
147 1887 229 1966 ι’δίας
246 1890 375 1972 εὐθείας,
389 1889 499 1971 &M
515 1888 571 1972 ’ίση
588 1887 672 1985 πρὸς
689 1889 797 1973 αὐτὴν,
816 1885 885 1959 οἷον
901 1887 1003 1976 λέβης
1019 1888 1176 1976 λέβητος,

56 2004 149 2100 ἔρως
175 2003 305 2100 έριοτος,
330 2000 440 2099 Πάρις
465 2000 625 2101 Πάριδος,
650 2005 668 2086 ίη
693 2001 843 2075 ε’λάττοιν
860 2001 929 2074 οἷον
940 2001 1078 2100 Ἕκτωρ
1091 2002 1178 2074 ’Έκ-

57 2148 185 2216 τορος,
202 2117 347 2216 Νέστωρ
364 2118 551 2215 Νέστορος.
603 2117 653 2189 Εί
668 2117 723 2190 οὐν
742 2120 760 2189 ὁ
777 2117 927 2216 πέρδικος
943 2119 996 2189 καὶ
1014 2122 1177 2214 ἧκῆρυκος
1189 2151 1223 2212 15

62 2232 183 2326 γενικὴ
200 2233 327 2304 έκτείνει
344 2231 388 2305 τά
405 2231 566 2332 δίχρονον,
584 2232 710 2331 ὤφειλε
733 2233 785 2303 καί
804 2237 822 2316 ἦ
839 2229 959 2331 πέρδιξ
972 2233 1025 2303 καί
1043 2236 1061 2315 ἦ
1078 2232 1179 2331 κῆρυξ

64 2349 179 2420 εὐθεῖα
191 2348 336 2419 έκτείνειν
348 2347 440 2433 αὐτὸ,
455 2347 540 2444 [καί]
555 2348 715 2420 τουτέστι
729 2349 827 2445 φύσει
840 2346 965 2446 μακρὸν
982 2346 1064 2420 αὐτὸ
1080 2351 1177 2446 ἔχειν.

65 2463 179 2534 Ἀλλ’
195 2462 303 2547 ἐπειδὴ
319 2463 362 2535 τὸ
381 2493 392 2534 ι
410 2465 463 2534 καὶ
479 2461 523 2536 τδ
540 2493 560 2534 ς
576 2462 734 2535 οὐδέποτε
759 2464 822 2534 εἶσί
851 2461 919 2560 πρά
944 2470 1006 2536 τοῦ
1030 2493 1050 2538 a
1068 2463 1177 2563 μακρά

68 2577 185 2674 φάσει,
203 2575 272 2650 οἷον
289 2576 399 2672 πνίξω,
418 2576 526 2674 φύξω,
544 2576 654 2677 έρύξω,
677 2579 775 2677 χωρίς
800 2583 830 2650 εί
852 2580 896 2663 μη
921 2585 971 2672 τῷ
997 2580 1093 2674 λόγῳ
1119 2581 1179 2679 ἆρ-

69 2694 197 2789 χούσης
218 2693 466 2792 παρῳχημένων,
484 2695 524 2772 ὡς
540 2695 594 2766 ε’πί
612 2701 673 2766 τοῦ
690 2693 780 2788 ι’ξεύιο
795 2693 910 2788 ἰ’ξευον·
943 2693 1000 2790 (τὸ
1026 2693 1083 2778 μὲν
1110 2693 1177 2791 γάρ
1190 2731 1227 2770 20

72 2807 166 2902 ι’ξεύω
183 2809 270 2880 θέσει
292 2805 418 2906 μακράν
433 2809 502 2906 ἔχει
519 2807 562 2882 τά
580 2839 603 2892 1,
620 2808 664 2881 τά
681 2807 715 2880 δέ
730 2807 834 2903 ίξευον
854 2809 952 2906 φάσει
977 2807 1113 2905 μακράν,
1130 2816 1180 2900 τῷ

71 2925 173 3017 λόγῳ
197 2933 256 3008 τῆς
285 2924 451 3020 ἇρχούσης
483 2930 549 2996 τῶν
571 2925 822 3022 παρῳχημένων,
856 2927 889 2994 οἱ
922 2921 989 3021 γάρ
1023 2927 1180 3020 παρῳχη-

74 3069 165 3120 μενοι
191 3039 210 3122 ί]
233 3044 388 3136 χρονικῶς
405 3039 424 3122 ἦ
441 3043 650 3128 συλλαβικῶς
676 3040 809 3112 θέλουσι
835 3039 1078 3132 μεγεθύνεσθαι,
1099 3046 1180 3110 συλ-

74 3156 219 3242 λαβικῶς
245 3153 313 3238 μὲν,
339 3153 408 3225 οῖον
432 3154 548 3226 τύπτω
573 3157 726 3238 ἔτυπτον,
750 3152 876 3253 γράφω
900 3155 1064 3252 ἔγραφον,
1088 3156 1179 3248 λέγω

75 3271 206 3363 ἔλεγον,
236 3275 392 3366 χρονικῶς
419 3267 463 3352 δὲ,
489 3269 559 3340 οἷον
589 3267 662 3363 άγιο
690 3271 782 3362 ἦγον,
808 3271 926 3362 ε’νέγκω
953 3275 1096 3362 ἤνεγκον,
1119 3268 1179 3364 άρ-
1189 3299 1223 3360 25

78 3417 179 3482 χομαι
209 3386 365 3481 ἠρχόμην·
409 3385 441 3454 ἐν
479 3381 526 3462 οἷς
552 3382 606 3456 οὐν
633 3383 676 3456 τά
703 3383 793 3479 ι’ξεύω
823 3383 927 3479 ἰ’ξευον
962 3386 1017 3454 οὐκ
1042 3383 1178 3466 ἧδάνατο

79 3501 284 3586 συλλαβικῶς
300 3500 544 3592 μεγεθένεσθαι,
563 3497 634 3570 οὐδὲ
660 3497 729 3596 γὰρ
754 3499 895 3598 άρχεται
913 3501 932 3568 ὁ
950 3498 1087 3574 ε’νεστιδς
1109 3496 1177 3568 άπὸ

80 3618 262 3712 συμφώνου,
280 3613 318 3708 ἐξ
341 3612 482 3707 άνάγκης
507 3612 561 3684 οὐν
586 3619 740 3711 χρονικιῖις
765 3615 969 3707 έμεγεθύυθη,
987 3615 1039 3684 καὶ
1056 3615 1179 3685 τούτου

82 3728 176 3827 χάριν
205 3731 302 3826 φύσει
328 3728 453 3825 μακράν
477 3730 545 3825 ἔχει
571 3727 614 3800 τά
642 3736 680 3825 ι’)
725 3731 800 3801 ἀλλ’
829 3729 948 3813 ε’πειδίη,
975 3732 1015 3807 ὡς
1040 3729 1177 3827 εἴρηται,

82 3842 143 3916 πάι
162 3844 214 3914 καί
231 3843 274 3916 τὸ
293 3875 312 3915 π
328 3843 395 3942 πρὸ
412 3849 474 3916 τοῦ
492 3872 513 3916 ει
532 3843 691 3916 οὐδέποτε
707 3847 770 3916 είσί
787 3841 895 3941 μακρά
914 3845 1024 3942 φάσει,
1035 3846 1134 3944 χωρίς
1151 3849 1180 3917 εί
1187 3879 1226 3936 30

83 3960 122 4042 μὴ
143 3959 236 4052 λόγῳ
253 3959 418 4056 άρχοιίσης
436 3961 687 4057 παρῳχημένων,
704 3958 743 4054 ἐξ
766 3959 907 4053 άνάγκης
932 3968 1040 4033 ταῦτα
1065 3961 1109 4032 τά
1136 3965 1178 4038 είς

86 4105 116 4149 ιι
133 4072 245 4144 καὶτὰ
262 4103 302 4148 τι
320 4075 544 4146 συστέλλουσι
562 4074 604 4147 τά
623 4105 634 4145 1
653 4077 705 4146 καὶ
723 4074 765 4147 τὸ
783 4107 801 4146 ς
819 4078 851 4146 έν
868 4083 910 4170 τῇ
929 4078 1031 4168 εὐθείᾳ
1050 4075 1101 4146 διὰ
1119 4077 1179 4158 την

85 4187 243 4286 έπιφοράν
260 4195 322 4262 τοῦ
339 4216 373 4274 Ε,
390 4191 423 4260 έν
440 4188 475 4260 δέ
491 4196 534 4284 τῇ
553 4195 661 4283 γενικῇ
676 4190 729 4260 καί
747 4191 780 4260 έν
792 4201 865 4267 ταῖς
881 4189 1001 4266 ἄλλοις
1017 4192 1178 4270 πτώσεσι,

85 4313 152 4381 ταῖς
165 4305 209 4388 μὴ
225 4305 378 4400 έχούσαις
394 4302 437 4376 τά
456 4331 489 4389 τι,
504 4304 566 4386 τὴν
581 4306 864 4401 κεχρεωστημένην
880 4312 922 4398 τῇ
949 4304 1052 4394 εὐθείᾳ
1080 4305 1178 4400 φύσει

87 4417 204 4516 μακράν
233 4416 435 4513 άνεδέξαντο.
488 4418 696 4515 Πράσκειται
723 4421 796 4503 “μη
823 4421 960 4515 ἐχούσης
984 4417 1027 4490 τά
1055 4421 1104 4500 Ε,”
1127 4417 1179 4489 διά
1189 4447 1225 4510 35
