2954 5024
416 319 484 378 ΕΙΣ
505 316 561 378 ΤΟ
583 315 879 378 ΟΝΟΜΑΤΙΚΟΝ.
1132 327 1192 396 251

140 485 323 560 ’Ῑσπέονδὲ
348 486 402 559 ὅτι
427 489 522 558 πᾶσα
546 488 650 558 ιόθεῖα
671 485 778 558 δυΐκῶν
795 487 838 563 τίς
854 515 876 557 ο
893 488 1045 578 λήγουσα
1068 486 1111 562 είς
1132 484 1193 567 τήν

81 632 123 674 01
151 600 345 701 δίφθογγον
372 611 461 673 ποιεῖ
483 601 542 685 τήν
565 604 686 674 ιόθεῖαν
710 606 776 672 τῶν
801 606 1032 684 πληθυντικῶν,
1053 597 1122 671 οἷον
1141 599 1190 672 τῶ

81 720 184 816 φίλω
201 721 233 789 οί
249 719 361 816 φίλοι,
377 716 426 790 τῶ
443 717 531 788 καλῶ
549 721 582 789 αι’
597 719 704 801 καλοί,
717 718 767 790 τῶ
777 717 913 815 Ὀμήρου
930 720 963 789 οἱ
971 717 1128 816 Ὄμηροι,
1141 719 1190 790 τιδ

82 835 250 934 ἆνθριόπω
275 837 308 906 οἱ
332 833 510 932 ἅνθρωποι·
544 833 645 911 οότιος
670 831 723 906 οὖν
747 833 799 905 καί
824 834 872 906 τῶ
897 834 993 905 πλόιν
1018 835 1052 904 αι’
1075 832 1189 916 πλόοι,

36 951 142 1024 axa}
167 949 252 1022 κατὰ
273 953 389 1048 κρᾶσιν
404 953 438 1021 οἱ
453 959 549 1022 πλοῖ.
602 951 666 1022 Aet
687 954 890 1047 προσθεῖναι,
907 949 1006 1048 χωρὶς
1022 954 1087 1020 τῶν
1103 947 1190 1020 ου’δε-
1199 975 1215 1036 5

81 1069 203 1162 τέριυν,
221 1067 328 1151 ἐπειδή
344 1069 418 1140 έσπι
434 1067 482 1140 τῶ
499 1065 595 1162 ξύλω,
612 1067 660 1139 τῶ
686 1065 812 1162 δένδρα,
830 1069 848 1148 ή
866 1067 969 1138 εὐθεῖα
991 1071 1056 1136 τῶν
1072 1063 1190 1152 δνϊκῶν,

82 1184 143 1256 καί
170 1185 296 1277 γίνεται
322 1187 341 1266 ή
365 1185 469 1256 εὐθεῖα
491 1189 557 1256 τῶν
576 1187 797 1266 πληθυντικῶν
814 1179 858 1253 τῶ
881 1177 975 1275 ξύλα,
992 1179 1037 1253 τὰ
1063 1180 1188 1279 δένδρα.

84 1299 249 1370 Καίίδοδ
264 1302 308 1376 εἷς
321 1331 342 1371 α
359 1303 456 1392 λήγει
473 1303 492 1382 ή
509 1301 612 1372 εόθεῐα
627 1305 696 1371 τῶν
708 1296 827 1379 δυϊκῶν,
840 1299 892 1368 καὶ
910 1299 948 1368 οὗ
963 1301 1059 1390 λήγει
1077 1299 1119 1374 εἷς
1131 1297 1190 1380 τήν

85 1445 124 1488 οι
142 1414 338 1513 δίφθογγον
354 1419 373 1498 ή
389 1417 492 1488 εὐθεῖα
509 1422 574 1488 τῶν
591 1419 821 1499 πληθυντικῶν.

140 1545 160 1576 “
179 1533 254 1605 Τῶν
271 1534 383 1604 πλόων
399 1539 464 1606 τῶν
480 1535 601 1605 πλῶν.”
1202 1565 1238 1604 ιο

141 1649 287 1747 Εἴρηται
314 1650 367 1722 ὅτι
391 1652 486 1721 πᾶσα
513 1651 619 1742 γενικὴ
644 1654 865 1732 πληθυντικῶν
882 1651 924 1725 είς
945 1679 990 1720 nu
1014 1653 1110 1742 λήγει
1135 1649 1189 1719 ἐπὶ

84 1763 217 1842 παντὸς
234 1767 354 1858 γένους.

141 1894 162 1924 “
180 1881 263 1959 Τοῖς
279 1882 397 1958 πλέοις
413 1892 485 1960 τοῖς
501 1884 629 1960 πλοῖς.”

140 1998 288 2096 Εἴρηται
302 1997 359 2070 ότι
378 2001 474 2069 πᾶσα
499 2000 602 2070 εὐθεῖα
626 2005 692 2070 τῶν
710 2003 930 2082 πληθυντικῶν
947 2003 990 2077 είς
1008 2031 1019 2072 ι
1037 2005 1190 2094 λήγουσα

86 2114 273 2212 προσθέσει
299 2119 360 2185 τοῦ
387 2144 404 2184 2
428 2125 517 2186 ποιεῖ
536 2114 595 2198 τήν
616 2112 746 2198 δοτικήν
761 2120 827 2186 τῶν
844 2121 1076 2202 πληθυντικῶν,
1093 2115 1191 2198 δηλο·
1203 2145 1238 2209 15

88 2233 165 2304 νότι
182 2231 281 2329 χωρὶς
296 2236 361 2302 τῶν
377 2231 602 2314 ἐκτεταμένον,
620 2227 698 2314 οἷον,
715 2228 857 2324 πόξοται
873 2229 1040 2325 τοξόταις,
1056 2231 1190 2326 κοχλίαι

88 2348 252 2444 κοχλίαις,
287 2345 435 2445 ’Όμηροι
465 2347 635 2446 Ὀμήροις,
669 2345 834 2446 ἅνθρωποι
871 2348 1062 2444 ἀνθρώποις,
1096 2345 1191 2443 Ἀρί-

87 2493 239 2559 σταρχον
253 2460 510 2560 Ἀριστόρχοις,
526 2463 629 2534 πλόοι
647 2463 775 2547 πλόοις,
792 2465 845 2535 καὶ
861 2461 947 2536 κατὰ
963 2467 1080 2560 κρᾶσιν
1095 2468 1189 2535 τοῶο

86 2580 143 2650 καὶ
160 2587 219 2662 τῆς
236 2609 269 2650 01
286 2577 480 2676 διφθόγγου
502 2576 551 2656 εἰς
565 2580 626 2663 τήν
643 2609 676 2651 οι
701 2578 893 2678 δίφθογγον
910 2589 1018 2658 πλοῖς.
1071 2579 1192 2678 Πρόσ-

87 2725 195 2766 κειται
213 2707 234 2736 “
244 2693 396 2778 δηλονότι
413 2695 512 2792 χωρὶς
527 2701 593 2768 τῶν
609 2696 852 2778 ἐκτεταμέναν,”
871 2695 979 2778 ἐπειδή
1001 2697 1076 2768 ἔστι
1096 2705 1240 2780 τηλι-ιο

87 2812 239 2882 κοιίτοισι
264 2811 316 2882 καί
341 2810 534 2884 τοιοότοισι·
560 2812 612 2882 καί
636 2809 705 2882 ι’δοίι
726 2815 746 2893 ή
768 2812 872 2882 ιῦθεΐα
887 2816 953 2882 τῶν
970 2815 1191 2893 πληθυντικῶν

87 2931 134 3006 εἷς
157 2958 172 2998 ι
198 2930 305 3020 λήγει,
322 2927 374 2998 καί
399 2928 437 2998 οὗ
464 2937 552 2998 ποιεῖ
575 2927 755 3024 προσθέσει
778 2933 841 2999 τοῦ
864 2958 880 2998 z
901 2927 963 3010 τήν
981 2925 1110 3010 δοτικήν
1126 2930 1192 2998 τῶν

89 3047 323 3126 πληθυντικῶν·
365 3041 436 3114 οὐδὲ
469 3039 538 3140 γὰρ
569 3042 714 3136 λέγομεν
745 3053 818 3120 τοῖς
850 3043 1066 3128 τηλικούτοις,
1100 3039 1192 3113 ιἰλλδι

89 3159 317 3242 τηλικοιίτοισι
333 3159 386 3230 καί
402 3159 596 3230 τοιούτοισι.
647 3157 751 3231 Κατὰ
775 3165 904 3231 πτῶσιν
927 3157 995 3257 γὰρ
1022 3159 1148 3252 γίνεται
1173 3161 1192 3242 ή

91 3277 276 3360 ἐπέκτασις,
293 3273 362 3346 οἷον
378 3280 525 3346 τοιοῦτοι
541 3275 595 3346 καί
615 3281 820 3360 τηλικοῦτοι,
836 3277 999 3350 τοιοιίτοιϊ
1020 3275 1073 3350 καί
1098 3283 1193 3358 τηλι-
1202 3308 1218 3347 2
1221 3300 1239 3366 5

91 3392 226 3475 κοίττοιῖ,
242 3392 399 3463 τοιοίττων
414 3390 467 3462 καὶ
483 3391 694 3474 τηλικοότιυν,
711 3393 879 3464 τοιοντωνὶ
899 3393 952 3464 καὶ
969 3391 1191 3475 τηλικουτονί,

91 3508 256 3585 τοιοίττοις
275 3505 327 3577 καί
349 3507 563 3589 τηλικοίττοις,
580 3508 763 3580 τοιούτοισι
787 3509 842 3580 καί
866 3508 1105 3592 τηλικοότοισι,
1121 3537 1193 3578 τοι·

94 3626 206 3701 οότους
220 3623 273 3694 καί
290 3624 509 3706 τηλικοίττυνς,
525 3625 713 3696 ταιοότονσι
730 3626 782 3696 καί
799 3626 1041 3708 τηλικοέιτουσι.
1104 3641 1105 3644 ’

141 3741 272 3812 Ἰστέον
285 3739 339 3812 ὅτι
352 3742 448 3812 πᾶσα
463 3741 567 3812 εὐθεῖα
584 3746 805 3826 πληθυντικῶν
817 3745 860 3820 τίς
871 3742 931 3826 τήν
943 3772 978 3813 οι
997 3739 1192 3840 δίφθογγον

94 3861 246 3951 λήγουσα
263 3859 306 3933 εἷς
322 3885 380 3927 οτι
397 3867 487 3928 ποιεῖ
501 3857 560 3940 τήν
577 3859 769 3942 αἰτιατικὴν,
788 3857 868 3944 οἷον,
886 3857 1051 3958 ἅνθρωποι
1070 3859 1192 3956 ἀνθρώ·
1200 3889 1240 3946 30

94 4006 184 4060 τους,
193 3971 340 4069 ’Όμηρον
354 3971 528 4070 Ὁμήρους,
543 3971 772 4071 Ἀρίσταρχοι
784 3971 1043 4080 Ἀριστόρχους,
1056 3972 1191 4063 Λέσβου

96 4089 261 4178 Λέσβους,
284 4088 410 4160 Ῥόδιοι
433 4087 590 4170 Ῥοδίους,
615 4090 727 4187 ἔρημοι
757 4090 900 4186 ἐρήμους·
937 4090 1036 4168 οὕτως
1061 4087 1114 4161 οθν
1139 4090 1191 4160 καί

95 4206 196 4279 πλόοι
220 4205 352 4288 πλόους,
368 4205 421 4276 καί
444 4203 529 4277 κατὰ
552 4207 667 4302 κρᾶσιν
684 4211 746 4277 τοῦ
762 4237 781 4276 ο
799 4206 851 4276 καί
866 4214 926 4289 τῆς
944 4237 982 4277 οτ
999 4205 1192 4304 διφθόγγου

96 4327 138 4400 εἰς
149 4323 213 4406 τήν
226 4353 266 4394 ατ
284 4320 477 4420 δίφθογγον
491 4327 607 4398 πλοῦς.
659 4321 778 4393 Ταῦτα
795 4321 852 4404 μὲν
870 4324 901 4394 ἕν
916 4323 1057 4399 τοίττοις.

140 4436 262 4536 Ἄξιον
279 4437 313 4510 δέ
329 4439 402 4512 ἐστὶ
421 4435 572 4538 ζητήσω,
591 4435 689 4522 διυτί,
707 4437 793 4521 ήνίκα
811 4440 854 4515 είς
870 4440 929 4520 τήν
947 4467 980 4508 At
999 4423 1192 4535 δίφθογγον
1199 4479 1238 4542 35

611 4573 632 4616 ιι
649 4549 668 4614 k
686 4570 703 4618 2
