2982 5022
11 365 12 417 ι
493 353 578 414 ΤΟΎ
599 353 801 414 ΧΑΡΑΚΟΣ.
1158 369 1195 416 21

11 437 15 506 ί
361 492 366 510 .

11 527 12 558 ί
109 525 238 603 ὁτόνος
263 524 371 610 ἐτέθη,
393 525 565 621 ιἰνθριίτου
588 549 662 606 μου·
687 523 740 594 καί
766 520 867 600 οὕτως
893 525 980 606 ἡμεῖς
1005 520 1199 624 δοξάζομεν.

652 641 661 666 C

102 642 222 713 Ἀλλοι
247 640 284 712 δέ
306 672 390 717 τινες
413 640 622 736 συγχέουσιν,
644 671 685 716 ως
709 640 762 709 καί
787 637 954 723 Ῥωμανδς
979 641 1083 734 λέγει,
1110 638 1201 712 ιὀἷον

105 759 200 830 πόθεν
211 789 273 839 τις,
286 756 339 826 καί
356 755 432 828 όθέν
447 787 499 840 με,
517 754 589 828 δέον
605 755 707 827 πόθέν
716 786 768 832 τις
784 757 905 848 λέγειν,
915 757 967 828 καί
985 757 1060 829 ὅθεν
1075 788 1126 840 με.
1153 755 1203 828 Εί

105 872 329 971 τερισπωμένη
346 883 546 969 προηγοΐτο,
565 872 602 942 ού
624 871 808 968 παρέχουσι
829 869 889 944 τδν
905 871 1004 944 τόνον
1021 875 1113 968 αύτῇ,
1131 869 1202 944 σίου

11 1011 13 1032 '
104 997 202 1062 καλοῦ
216 1021 291 1074 μου,
310 991 339 1059 εί
373 986 511 1064 ὲᾶλλος
530 988 626 1064 τόνος
643 987 700 1072 ε’ίνι,
717 987 901 1084 παρέχουσι
919 987 980 1060 τδν
996 989 1102 1072 τόνον,
1120 985 1228 1073 οίον,5

104 1108 201 1178 πόθέν
216 1137 279 1189 τις,
297 1104 372 1176 ὅθέν
387 1127 440 1188 με·
466 1101 585 1198 ψευδές
602 1105 704 1175 ἐστιν·
731 1100 774 1180 είς
792 1102 860 1202 γὰρ
876 1105 973 1183 τόνος
990 1105 1063 1176 ε’στί
1080 1105 1132 1176 καί
1150 1105 1202 1177 τί·

106 1228 205 1306 θετοι,
217 1222 269 1292 καί
289 1221 326 1291 ού
342 1221 526 1318 παρέχουσι
543 1222 605 1292 τὸν
617 1219 724 1302 τόνον,
738 1222 778 1297 ὡς
791 1221 932 1306 είπομεν,
945 1231 1019 1300 τοῖς
1036 1251 1202 1320 προηγου-

105 1341 217 1427 μέναις,
233 1341 263 1409 εί
276 1337 321 1420 μὴ
339 1338 385 1420 εἴη
403 1340 442 1414 ὡς
459 1338 591 1420 εἴπομεν
608 1335 903 1434 προπαροξύτονος
920 1338 938 1422 ὴ
954 1343 1128 1436 τροχαΐκὴ.

149 1455 280 1526 Ἰστέον
297 1453 333 1524 δὲ
355 1455 410 1525 ότι
428 1452 575 1552 διαφέρει
599 1454 784 1547 ἐγκλιτικδν
806 1455 859 1525 καί
884 1455 1122 1548 έγκλινόμενον,
1140 1456 1204 1552 ωίχ

107 1573 143 1648 ὧς
165 1571 256 1665 λέγει
282 1572 302 1641 ὁ
327 1570 516 1647 Φιλόπονος
541 1572 573 1642 ἐν
594 1577 638 1665 τῇ
660 1571 850 1662 ἀντωνυμίᾳ,
868 1570 904 1642 δν
925 1571 1110 1668 ἐλέγχομεν
1129 1572 1203 1656 ἐκεῖ,
1216 1605 1252 1644 10

107 1685 194 1758 ἀλλὰ
210 1693 260 1778 τῷ
279 1692 398 1784 μερικῷ
419 1687 471 1756 καί
489 1693 537 1778 τῷ
553 1686 708 1759 καθόλου.
760 1685 840 1758 Πᾶν
856 1686 913 1772 μὲν
931 1684 1000 1784 γὰρ
1017 1684 1204 1779 ε’γκλιτικόν

106 1804 153 1874 καί
181 1803 410 1896 ε’γκλινόμενον
435 1803 542 1885 οὴλθέ
569 1828 630 1881 τις·
667 1806 703 1875 ού
733 1809 801 1874 πᾶν
828 1801 863 1874 δὲ
892 1803 1120 1895 έγκλινόμενον
1151 1805 1203 1874 καί

107 1920 300 2012 ε’γκλιτικόν.
339 1917 390 1989 Αί
413 1916 560 2015 μὲνγὰρ
583 1917 686 2014 λέξεις
706 1922 743 1990 αί
765 1916 970 2019 κοιμίζουσαι
993 1919 1069 1998 τοδς
1090 1921 1205 1998 πόνους

107 2035 327 2128 ε’γκλωόμευαι
344 2041 534 2120 καλοῦνται,
551 2031 620 2106 οίον

348 2168 364 2238 ὴ
377 2169 425 2239 ίμὴ
438 2169 547 2242 μητρυιὴ
560 2169 698 2240 περικαλὴε
712 2171 727 2241 ὴ
741 2171 868 2244 εὗροίβια.
1216 2179 1251 2240 15

350 2267 394 2338 (Εί
406 2267 442 2337 μὴ
455 2268 564 2340 μητρυιὴ
577 2269 734 2341 περικαλλὴς
747 2268 905 2342 Ἠερίβοια.)

104 2389 189 2462 Ἰδού
205 2390 302 2460 οὗτοι
320 2385 525 2488 κοιμίζουσαι
542 2389 575 2459 ἕν
591 2395 633 2483 τῇ
652 2390 812 2486 συνεχείᾳ,
829 2389 1053 2481 έγκλινόμεναι
1070 2395 1206 2460 καλοῦν-

105 2537 159 2577 ται
181 2507 234 2576 καί
259 2505 333 2600 οιίχί
355 2505 549 2596 ε’γκλιτικαί,
567 2504 658 2576 ἀλλὰ
679 2511 745 2576 πᾶν
762 2503 949 2597 ε’γκλιτικδν
966 2506 1204 2598 ε’γκλινόμενον,

106 2624 141 2692 ού
157 2627 224 2693 πᾶν
243 2621 278 2692 δὲ
293 2623 523 2714 έγκλινόμενον
540 2621 737 2714 ε’γκλιτικόν.

154 2734 452 2825 Διαλαμβόνουτες
466 2739 540 2835 περί
557 2735 699 2808 ἑκόστον
714 2737 830 2833 μέρους
843 2735 986 2830 δείξομεν
1000 2739 1103 2829 ὀλίγα
1120 2738 1207 2809 ίναν-
1217 2763 1254 2803 το

104 2855 257 2937 τιούμενα
274 2863 347 2930 τοῖς
363 2853 615 2950 προειρημένοις,
633 2855 708 2951 περί
725 2854 816 2937 ιδνέν
834 2855 964 2947 εὐκαίρῳ
982 2851 1164 2946 διδάξομεν.

159 2966 317 3064 [ᾱΚανιδν
332 2971 439 3040 τοίνυν
455 2971 528 3041 ἐστί
546 2971 652 3064 λόγος
667 2971 818 3065 ἔντεχνος
835 2967 1011 3052 δηλωτικδς
1027 2969 1207 3040 ἀπευθύνων

105 3085 292 3168 ὁμοιότητα
309 3083 392 3183 πρδς
408 3084 451 3156 τὸ
468 3087 612 3158 καθόλου
627 3085 670 3159 τὸ
688 3085 944 3183 διεστραμμένον
961 3091 1027 3156 τῶν
1042 3083 1171 3179 λέξεων.

151 3200 295 3284 Ἐπειδὴ
319 3200 353 3272 δὲ
377 3202 513 3272 κανόνων
539 3205 760 3295 εἰσαγωγικῶν
784 3202 951 3285 μέλλομεν
976 3199 1153 3298 ἄρχεσθαι,
1176 3202 1209 3272 ἐν

106 3319 249 3413 ἐπιτομῇ
267 3317 302 3388 δέ
322 3320 457 3396 τούτους
477 3311 698 3416 παραδίδωσιν
716 3321 788 3400 ὴμῖν
805 3319 824 3386 ὁ
842 3315 1031 3394 θεοδόσιος·
1057 3313 1208 3400 μόθωμευ
1219 3343 1256 3402 25

38 3467 70 3532 39
82 3435 143 3514 ατί
158 3435 232 3506 ἐστι
250 3435 368 3519 κανιδν,
379 3436 431 3507 καί
449 3435 485 3506 τί
502 3437 594 3507 ε’στιν
610 3434 789 3527 εἰσαγωγὴ,
807 3433 860 3502 καί
883 3433 920 3504 τί
942 3433 1034 3502 ἐστιν
1056 3434 1209 3516 ε’πιτομὴ.

110 3549 228 3620 Κανιδν
255 3551 364 3622 τοίνυν
392 3551 465 3624 ἔστί
500 3553 605 3644 λόγος
636 3552 786 3645 ἔντεχνος
816 3549 995 3619 ἀπευθύνων
1024 3547 1210 3630 ὁμοιότητα

109 3665 193 3761 πρὸς
217 3663 262 3737 τὸ
287 3668 431 3738 καθόλου
457 3667 499 3740 τδ
526 3665 782 3764 διεστραμμένον
808 3671 867 3746 τῆς
896 3659 1021 3756 λέξεως·
1052 3663 1210 3734 τουτέστι

108 3783 215 3874 λόγος
248 3781 333 3863 μετὰ
366 3784 484 3879 τέχνης
514 3781 566 3854 διίι
599 3787 666 3854 τῶν
695 3783 814 3865 ὁμοίων
842 3782 894 3851 ἐπ’
919 3782 1038 3858 εύθείας
1072 3779 1161 3875 ίίγων
1192 3779 1211 3863 ’ὴ

109 3899 258 3993 ἐλέγχων
284 3895 367 3994 πρός
391 3897 435 3969 τὰ
463 3901 599 3970 πλείονα
628 3895 670 3968 τδ
698 3897 956 3994 διεστραμμένον
983 3899 1035 3967 καί
1065 3901 1212 3994 ὴμαρτη-
1219 3927 1260 3983 30

109 4013 204 4095 μένον
220 4020 279 4094 τῆς
296 4011 421 4106 λέξεως.
474 4013 529 4085 Τὰ
547 4014 616 4113 γὰρ
633 4014 770 4083 πλείονα
791 4019 857 4084 τῶν
873 4014 1059 4084 ἐλαττόνων
1075 4014 1211 4090 κανόνες.

112 4125 300 4220 Εἷσαγωγὴ
317 4125 351 4197 δι’
367 4129 460 4200 ἐστιν
476 4128 631 4222 ὁδὴγησις
647 4135 712 4200 τῶν
729 4130 841 4223 λόγων
858 4127 926 4200 ιἰπδ
944 4135 1008 4200 τῶν
1025 4129 1212 4200 ἐλαττόνων

151 4333 168 4378 b
181 4337 263 4396 οὕτως
276 4301 353 4412 εὖρον
369 4341 398 4396 in
412 4360 496 4414 marg.
531 4343 565 4398 N.
576 4343 608 4397 B.
624 4339 780 4398 οἶον-ὅθεν
797 4365 829 4412 με
843 4360 898 4396 non
916 4341 1042 4412 leguntur
1055 4342 1126 4413 apud
1141 4341 1213 4396 Bek-

112 4420 216 4476 kerum.
298 4419 390 4490 οὴλθέ
403 4445 443 4478 τις
457 4442 510 4479 om.
526 4423 644 4482 Bekker.
727 4418 830 4487 dQuae
845 4429 994 4496 sequuntur
1007 4423 1076 4478 male
1090 4421 1214 4496 repetivit

113 4501 198 4557 εαιτἹιε
211 4519 244 4557 ει
258 4503 479 4576 proecedentibus.
