2954 5024
397 327 465 388 ΕΙΣ
486 325 543 392 TO
565 325 857 390 ONOMATIKON.
1117 342 1178 394 ιιι

39 526 109 570 τε
130 503 270 596 τριγενῆ
287 497 323 568 ού
338 497 487 590 γίνονται
504 494 557 568 διὰ
574 502 637 569 τοῦ
659 526 679 568 ιι
699 499 752 568 καὶ
775 527 796 572 α
820 496 985 578 Ἀττικῶς
1009 497 1096 572 κατὰ
1120 499 1182 584 τῆν

42 617 215 708 γενικῆν.
260 611 379 685 Ταῦτα
395 611 454 695 μέν
470 613 503 684 έν
519 612 663 690 τούτοις.

117 727 233 800 Ἐστι
251 725 285 800 δέ
301 730 400 808 εἰπεῖν
416 730 469 800 καὶ
486 727 593 813 άλλην
608 732 704 802 λύσιν
719 730 861 826 ἔχουσαν
877 727 987 808 ούτως·
1006 727 1058 802 διά
1074 735 1181 804 τούτο

43 844 120 923 τὰ
147 849 193 922 εἷς
217 875 256 916 ττι
280 854 416 944 τριγενῆ
443 846 480 916 ού
505 847 653 938 γίνονται
680 843 732 916 διὰ
757 851 820 916 τοῦ
846 876 865 918 ιι
890 845 942 916 καί
968 876 990 917 ο
1013 843 1181 926 Ἀττικῶς

47 959 163 1034 κατὰ
186 962 246 1043 τῆν
270 962 405 1055 γενικῆν,
423 959 475 1033 διὰ
499 959 545 1034 τὰ
570 963 790 1060 ἐπιρρήματα·
819 960 866 1034 τὰ
885 960 953 1059 γὰρ
970 964 1206 1060 ε’πιρρῆματα5

51 1080 184 1150 αὐτῶν
206 1075 257 1148 διὰ
282 1083 344 1150 τοῦ
369 1107 388 1148 ις
410 1077 462 1147 καὶ
482 1108 502 1148 ιι
520 1076 613 1164 είσίν,
629 1077 756 1173 ταχέως
773 1076 923 1174 ἔδραμον,
941 1077 1037 1172 ὀξέως
1053 1083 1179 1163 ἤκουσε,

53 1192 224 1292 βραδέως
256 1195 347 1276 ἦλθε,
379 1193 506 1291 ταχέως
540 1191 729 1288 διελέγχθη,
763 1189 857 1274 ῆδέως
889 1191 1090 1289 ἠκροάσατο·
1124 1192 1181 1266 ἐάν

55 1311 236 1404 γένωνται
254 1311 289 1380 αἱ
305 1311 427 1403 γενικοί
444 1309 569 1382 τούτων
586 1305 639 1378 διὰ
658 1314 722 1382 τοῦ
744 1338 763 1379 ις
785 1308 838 1378 καί
862 1338 883 1378 ο
901 1307 1082 1394 Ἀττικῶς,
1099 1309 1181 1393 μέλ·

56 1435 176 1497 λουσι
214 1436 391 1509 συμπεσεῖν
427 1435 499 1502 τοῖς
533 1425 761 1522 ε’πιρρῆμασιν,
795 1423 878 1521 ὅπερ
911 1424 1004 1496 ἐστίν
1036 1422 1179 1498 άτοπον.

60 1543 212 1614 Τούτου
236 1540 344 1640 χάριν,
368 1544 430 1624 ἵνα,
458 1545 499 1620 ὡς
524 1541 660 1639 εἴρηται,
685 1541 730 1625 μῆ
759 1541 970 1625 συμπέσωσιν
996 1545 1032 1614 αἰ
1055 1543 1178 1635 γενικαὶ
1193 1565 1229 1604 10

59 1659 204 1732 τούτων
220 1668 291 1736 τοῖς
307 1661 535 1757 ε’τιρρῆμασιν,
553 1659 609 1728 ούκ
631 1657 869 1730 έπεκτείυουσιν
892 1661 925 1728 οἱ
947 1656 1103 1730 Ἀττικοί
1124 1658 1180 1734 ἐπὶ

61 1775 205 1850 τούτων
220 1772 263 1848 τὸ
282 1805 301 1846 ο
319 1777 362 1852 είς
377 1770 421 1846 τδ
438 1804 459 1846 ο
477 1770 564 1845 κατὰ
580 1774 642 1856 τῆν
659 1775 795 1866 γενικήν.

118 1888 246 1985 ’Ἀξιον
270 1888 304 1962 δέ
328 1890 402 1963 ἐστὶ
428 1886 570 1989 ζητῆσαι
596 1888 650 1961 ὅτι
676 1885 720 1962 τὰ
747 1888 792 1972 μῆ
818 1888 975 1982 γενόμενα
1001 1885 1046 1961 τᾶ
1072 1891 1115 1969 είς
1139 1921 1180 1966 τι

63 2015 213 2105 τριγενῆ
231 2005 282 2078 διὰ
299 2013 361 2079 τοῦ
383 2037 403 2078 α
425 2006 478 2076 καί
501 2036 522 2076 ιι
546 2004 712 2082 Ἀττικῶς
736 2003 822 2078 κατά
847 2006 907 2088 τῆν
930 2007 1067 2100 γενικῆν,
1090 2005 1181 2081 διατί

67 2127 115 2196 ού
146 2125 294 2217 γίνονται
326 2123 470 2200 Ἰωνικῶς
499 2120 552 2194 διά
584 2128 647 2194 τοῦ
676 2151 698 2194 n
728 2122 781 2192 καὶ
812 2153 842 2204 ο,
872 2120 943 2193 οἷον
970 2131 1097 2220 ταχῆος
1126 2123 1179 2196 καί
1192 2143 1226 2206 15

24 2238 234 2338 ὴβραδῆος,
259 2237 371 2337 ῶσπερ
395 2237 532 2322 Πηλῆος
556 2238 609 2308 καί
634 2235 832 2334 Ἀχιλλῆος.
884 2237 954 2308 Καὶ
979 2239 1072 2312 ἔστιν
1094 2239 1181 2314 ἆπο·

68 2358 294 2448 λογῆσασθαι
323 2353 435 2432 ούτως·
464 2359 482 2438 ῆ
507 2359 753 2454 παραλήγουσα
777 2363 836 2438 τῆς
860 2354 1180 2452 περιττοσυλλάβου

71 2479 203 2566 γενικῆς
227 2470 385 2543 οὐδέποτε
409 2472 590 2570 εὑρίσκεται
614 2467 732 2571 μείζων
753 2478 813 2554 τῆς
834 2471 1000 2565 ληγούσης
1020 2481 1079 2557 τῆς
1099 2473 1179 2558 ι’δίας

72 2589 208 2670 εὐθείας,
226 2588 301 2658 ἀλλ’
324 2586 343 2670 ῆ
364 2587 421 2669 ’ίση
444 2584 528 2685 πρὸς
553 2587 661 2670 αύτῆν,
684 2587 702 2670 ῆ
723 2585 883 2662 ἐλάττων.
927 2588 1006 2672 Ἴση
1023 2588 1091 2674 μὲν,
1109 2588 1179 2666 οἷον

72 2705 180 2792 λέβης
203 2703 357 2791 λέβητος,
380 2703 457 2801 ἔρως
481 2704 613 2800 ἔρωτος,
631 2701 728 2799 Τρῶς
746 2701 871 2799 Τρωὸς,
890 2700 1000 2801 Πάρις
1019 2703 1177 2803 Πάριδος,
1189 2735 1227 2780 το

74 2821 158 2916 ὄφις
183 2819 293 2916 ὄφεος·
327 2815 476 2892 ε’λάττων
501 2817 547 2903 δέ,
572 2818 642 2890 οἷον
667 2817 809 2900 Μέμνων
835 2816 1018 2903 Μέμνονος,
1037 2818 1177 2920 Ἕκτωρ

66 2935 251 3032 Ἕκτορος,
289 2934 407 3028 γείτων
448 2937 608 3028 γείτονος,
649 2933 779 3018 Πηλεύς
817 2931 961 3021 Πηλέος,
995 2933 1178 3033 Ἀχιλλεύς

72 3051 271 3149 Ἀχιλλέος.
321 3047 406 3122 Ἐὰν
426 3048 480 3122 ούν
501 3049 546 3123 τά
572 3053 615 3129 είς
631 3081 669 3123 τι
688 3051 844 3145 γένωνται
871 3047 923 3122 διά
948 3057 1011 3124 τοῦ
1032 3083 1055 3124 n
1078 3055 1131 3128 καὶ
1156 3088 1177 3132 ο

74 3165 165 3240 κατὰ
180 3167 240 3250 τῆν
256 3167 381 3261 γενικῆν
394 3165 550 3255 Ἰωνικῶς,
568 3163 638 3238 οίον
659 3165 763 3264 ταχύς
786 3173 924 3264 ταχῆος,
945 3165 1069 3264 βραδύς
1090 3171 1178 3270 βρα.

75 3285 162 3368 δῆος,
192 3280 265 3377 ὀξύς
293 3281 400 3377 ὀξῆος,
432 3283 634 3381 εὑρίσκονται
668 3283 792 3380 ἔχοντα
825 3283 885 3366 τῆν
914 3290 1177 3380 παραλήγουσαν
1187 3319 1222 3380 ι5

73 3409 134 3484 τῆς
158 3407 283 3493 γενικῆς
306 3396 440 3498 μείζονα
465 3407 523 3482 τῆς
547 3398 713 3492 ληγούσης
736 3406 795 3481 τῆς
819 3397 899 3476 ι’δίας
921 3401 1086 3486 εύθείας,ῆ
1107 3401 1177 3501 γὰρ

75 3519 181 3589 εύθεῖα
198 3515 459 3598 συνεσταλμένον
470 3516 538 3611 ἔχει
555 3513 598 3588 τδ
614 3545 644 3600 τ,
656 3515 739 3612 ὅπερ
752 3515 844 3588 έστίν
857 3513 1023 3588 ἀδύνατον.
1045 3517 1178 3589 Τούτου

76 3631 132 3704 ούν
148 3629 247 3730 χάριν
257 3629 302 3704 τὰ
320 3635 362 3709 είς
373 3661 411 3704 τε
425 3633 462 3703 ού
478 3633 626 3726 γίνονται
641 3629 693 3702 διὰ
710 3636 772 3703 ταῶ
789 3661 812 3702 ιι
829 3629 881 3702 καί
900 3662 919 3702 ο
935 3631 1079 3712 Ἰωνικῶς
1090 3631 1177 3708 κατὰ

75 3751 138 3832 τῆν
155 3751 290 3841 γενικῆν.
341 3747 459 3820 Ταῦτα
476 3746 535 3831 μέν
550 3747 583 3818 έν
598 3748 741 3825 τούτοις.

127 3867 192 3935 Δεῖ
214 3867 405 3962 προσθεῖναι
428 3865 461 3934 έν
480 3869 530 3955 τῷ
552 3864 658 3936 κανόνι
681 3870 731 3956 τῷ
751 3864 900 3958 λέγοντι,
918 3865 972 3938 ὅτι
990 3868 1009 3948 ῆ
1025 3871 1178 3966 παραλῆ-
1185 3901 1227 3960 30

78 4011 187 4075 γουσα
212 3987 270 4062 τῆς
294 3977 614 4078 περιττοσυλλάβου
637 3987 761 4072 γενικῆς
783 3981 820 4050 ού
846 3980 934 4054 θέλει
959 3977 1037 4054 εἶναι
1062 3979 1180 4084 μείζων

77 4107 136 4181 τῆς
160 4097 326 4189 ληγούσης
350 4104 409 4178 τῆς
434 4093 514 4173 ι’δίας
539 4096 667 4178 εύθείας,
689 4095 788 4194 χωρὶς
811 4099 840 4168 εί
862 4098 907 4181 μῆ
930 4100 1103 4198 χαρακτῆρ
1120 4132 1180 4172 κω-

77 4215 172 4309 λύση.
225 4211 339 4284 Τοῶτο
365 4209 399 4282 δὲ
424 4210 620 4309 πρόσκειται
645 4209 697 4282 διὰ
722 4209 766 4284 τὰ
791 4215 833 4290 είς
857 4241 891 4286 ιι
914 4216 967 4286 καί
990 4214 1036 4288 τά
1059 4219 1102 4294 εἷς
1124 4245 1178 4306 τε,

79 4327 131 4400 διά
156 4326 200 4400 τδ
222 4325 338 4425 φοῖνιξ
359 4328 505 4426 φοίνικος
529 4327 581 4398 καί
607 4323 708 4425 κῆρυξ
726 4331 868 4425 κῆρυκος.
920 4328 1039 4402 Ταῦτα
1055 4329 1130 4428 Ιγὰρ
1147 4335 1180 4408 ἐν

78 4443 135 4528 μὲν
164 4449 208 4538 τῆ
237 4443 340 4535 εὐθείᾳ
375 4443 599 4518 συστέλλουσι
632 4441 676 4518 τὸ
711 4440 875 4540 δίχρονον,
902 4443 1060 4517 τουτέστι
1092 4447 1204 4534 θέσεις
1210 4475 1226 4534 5
