2958 5018
414 323 482 385 αα
502 323 559 385 το
581 323 873 388 mmmmm«.
1127 341 1191 409 309

44 490 315 590 οἷσπροπλῆξ·
351 491 395 564 τὸ
419 493 531 578 μέντοι
555 490 690 588 ύσπλῆξ
716 494 767 566 καί
782 492 962 590 ,ἆντίτληξ
980 495 1190 594 βαρύνονται,

49 609 200 694 ἐπειδὴ
218 607 449 707 τροσηγορικᾶ
472 611 548 695 είσι,
565 610 618 680 καί
634 609 735 693 μόνον
752 614 890 694 θηλυκοῦ
907 611 1017 704 γένους
1033 612 1106 683 εἶσί·
1131 612 1192 695 τὴν

52 725 118 798 δὲ
137 727 253 797 κλίσιν
267 727 319 797 καί
337 722 420 797 αύτᾶ
439 723 491 797 διὰ
508 731 568 797 τοῦ
586 755 604 796 ι·
620 725 763 821 ἔχουσιν,
777 725 846 797 οἷον
857 724 993 822 ύσπληξ
1006 725 1190 820 ύσπληγοε,

56 841 140 910 καί
169 838 338 936 ἆυτίπληξ
360 841 576 934 ἆντίπληγοα·
614 841 647 930 (ἦ
664 839 800 935 ύσπληξ
821 840 857 912 δέ
880 843 971 914 έστιν
988 846 1006 926 ἦ
1024 842 1191 940 ιἰφετηρία

56 961 150 1026 τοῦ
176 953 309 1051 δρόμου,
333 953 470 1050 ύσπληξ
494 954 528 1027 δὲ
556 957 692 1050 λέγεται
723 955 741 1039 ίη
771 953 840 1027 ἆπδ
869 962 931 1030 τοῦ
959 962 1121 1042 πλήττειν
1148 964 1192 1054 τῇ
1200 988 1217 1051 5

58 1068 235 1164 μάστιγι
260 1075 303 1166 τῇ
329 1070 398 1142 ιἰπδ
422 1077 488 1144 τῦν
509 1078 634 1169 τριχῶν
656 1074 725 1155 ύῶν,
741 1072 918 1144 τουτέστιν
935 1072 1003 1146 ἀπὸ
1024 1075 1191 1172 χοίρων,ἢ

61 1184 183 1283 παρὰ
216 1187 278 1270 τὴν.
305 1185 369 1258 ὑπὸ
403 1189 562 1285 πρόθεσιν
592 1187 728 1282 γέγονεν
756 1185 915 1282 ῦπόπληξ
941 1188 993 1258 καί
1023 1197 1192 1283 συγκοπῆς

66 1303 262 1397 γενομένης
277 1311 336 1385 τῆς
354 1333 397 1374 no
416 1305 598 1392 συλλαβῆς,
615 1304 667 1374 καί
694 1309 892 1394 πλεονασμῷ
915 1309 978 1374 τοῦ
1003 1333 1033 1390 ε,
1054 1306 1192 1398 γέγονεν

70 1415 236 1513 ὕσπληξ,
257 1421 297 1496 ὡς
322 1419 482 1516 ύπότερος
507 1419 653 1516 ὕστερος·
691 1417 734 1491 πθ
765 1417 799 1491 δέ
825 1417 992 1514 ἆντίπληξ
1020 1419 1191 1518 (ἆντίπηξ)

74 1534 239 1616 σημαίνει
264 1535 323 1616 τὴν
347 1533 510 1622 κοιβιοτόν
537 1533 720 1631 (κιβωτόν),
746 1535 799 1605 καί
827 1535 881 1607 ὅτι
911 1535 1003 1634 παρὰ
1032 1537 1093 1620 τὴν
1117 1537 1191 1609 ἆντί
1205 1571 1241 1610 ιο

76 1650 255 1746 πρόθεσιν
270 1650 322 1720 καί
339 1648 381 1721 τὸ
394 1653 538 1733 πλήσσω
555 1651 716 1746 γέγονεν’)
733 1649 776 1723 τό
792 1649 1013 1746 μολιβδοτίηξ,
1031 1651 1072 1730 ιύς
1088 1658 1193 1750 φησιν

80 1763 297 1863 Ἡρωδιανὸς
314 1767 367 1836 ἐπὶ
383 1771 426 1861 τῇ
445 1765 615 1850 Καθόλου,
631 1765 715 1844 τινές
733 1765 767 1837 δὲ
783 1767 960 1864 βαρύνουσι
977 1769 1191 1864 παραλόγως,

82 1883 238 1954 κλίνεται
262 1880 296 1953 δέ
319 1879 370 1952 διὰ
395 1887 458 1952 τοῦ
484 1911 517 1968 κ,
541 1878 610 1953 οίον
633 1881 887 1971 μολιβδοτῆκος,
906 1882 1013 1968 ε’πειδίη
1036 1882 1128 1982 παρὰ
1148 1884 1192 1957 τῦ

83 2003 182 2081 πήκω
210 1999 277 2094 ἔχει
306 1998 366 2080 τὴν
395 1997 552 2081 σύνθεσιν,
580 1999 702 2070 τούτου
730 1995 829 2096 χοίριν
854 1997 898 2070 τὸ
927 1999 1103 2096 σύμφωνον
1130 2005 1194 2072 τοῦ

85 2118 182 2195 τῆκω
206 2112 351 2210 ἐφύλαξε
374 2112 459 2186 κατὰ
489 2116 548 2197 τὴν
573 2115 689 2197 κλίσιν,
716 2115 803 2212 φημί
827 2113 873 2186 τδ
901 2145 933 2185 κ,
985 2114 1191 2213 Πρόσκειται
1206 2150 1242 2212 15

89 2228 252 2324 ἀνωτέρω,
277 2240 296 2270 “
310 2231 339 2299 εί
362 2229 396 2300 δὲ
421 2230 484 2301 εἶσί
510 2231 649 2302 σύνθετα
675 2229 742 2302 ἆπό
768 2234 915 2326 ῥήματος
938 2227 1118 2312 δηλονότι,”
1139 2228 1192 2302 διὰ

89 2343 138 2414 τὸ
155 2342 364 2440 χηναλώπηξ,
380 2351 484 2418 τοῦτο
501 2343 570 2443 γὰρ
587 2344 655 2418 ἀπὸ
675 2353 737 2418 τοῦ
752 2343 893 2440 ἀλώπηξ
907 2345 1122 2430 συντέθειται,
1138 2346 1192 2416 καὶ

89 2458 155 2531 ,τόν
171 2459 269 2531 τόνον
290 2461 341 2531 καί
365 2463 424 2544 τὴν
446 2463 554 2533 κλίσιν
571 2468 632 2534 τοῦ
647 2466 758 2534 ἁπλοῦ
778 2459 950 2560 ἐφύλαξεν,
969 2462 1038 2534 οἷον
1054 2459 1195 2558 ἆλιύπηξ

92 2576 271 2657 ἆλύπεκοε,
305 2577 356 2646 καί
391 2575 592 2674 χηναλώπηξ
623 2581 862 2674 χηναλώπεκος.
919 2578 1037 2650 Ταῦτα
1070 2576 1128 2662 μέν
1160 2579 1193 2650 έν

92 2691 235 2768 τούτοις.
1204 2726 1243 2766 20

146 2807 274 2880 Ἰστέον
291 2807 326 2880 δέ
341 2810 395 2882 ότι
415 2809 458 2883 πδ
475 2808 634 2906 βουπλίηξ
651 2813 846 2904 βονπλῆγοε
872 2815 1046 2906 πανταχοῦ
1071 2813 1115 2888 είς
1133 2811 1194 2893 την

96 2953 168 2996 mn
185 2925 359 3012 συλλαβὴν
380 2927 446 3022 ἔχει
469 2924 530 2998 τόν
545 2926 644 2998 τόνον
660 2927 713 2997 καί
730 2927 762 2998 έν
778 2935 850 3004 τοῖς
867 2928 977 3003 ἔνικοῖς
999 2925 1051 2996 καί
1074 2926 1107 2996 έν
1122 2935 1194 3004 τοῖς

96 3044 332 3124 πληθυντικοίς,
359 3045 387 3112 εἰ
415 3043 467 3113 καί
496 3043 540 3126 μὴ
566 3040 627 3114 τὸν
651 3041 761 3115 αύτόν·
790 3039 833 3112 τὸ
862 3039 920 3124 μέν
945 3039 1013 3138 γὰρ
1039 3039 1196 3136 βουπλίηξ

19 3181 47 3248 37
65 3155 252 3252 ειόξύνεπαι,
278 3156 320 3229 τὸ
348 3156 382 3229 δέ
408 3160 604 3251 βουπλῆγοε
628 3159 915 3257 προπερισπᾶται,
940 3159 992 3228 καί
1023 3154 1125 3230 πόλιν
1150 3155 1193 3229 τό

97 3273 155 3358 μέν
183 3275 358 3366 βουπλῆγε
391 3277 676 3371 προπερισπᾶται,
704 3272 747 3345 τὸ
782 3271 815 3344 δὲ
849 3275 1058 3365 βονπλύγοιν
1088 3303 1195 3370 παρο-
1204 3307 1242 3368 25

98 3392 235 3486 ξύνεται.

148 3518 167 3548 “
185 3507 244 3597 Τῷ
270 3509 418 3605 μύρμηκι,
441 3511 489 3596 τῷ
513 3505 696 3597 βουπλῆγι.
745 3503 815 3575 Τὸν
840 3505 1000 3600 μύρμηκα,
1024 3502 1086 3574 τδν
1115 3504 1196 3590 βαιν-

101 3630 224 3714 πλῆγα.
269 3623 315 3692 Ὦ
332 3619 470 3720 μύρμηξ,
489 3622 514 3690 ιδ
530 3617 716 3713 βουπλῆξ.”

149 3737 289 3835 Εἴρηται
308 3739 361 3809 ότι
379 3735 423 3808 τὰ
442 3740 484 3814 είς
501 3734 637 3806 διπλοῦν
654 3736 828 3830 σύμφωνον
845 3739 996 3826 λήγοντα
1021 3735 1081 3817 τὴν
1098 3735 1196 3818 αὖτίην

102 3855 164 3949 ἔχει
182 3853 280 3950 ὀρθὴν
296 3854 347 3924 καί
365 3853 517 3936 κλητικίην
534 3853 622 3935 πλὴν
638 3858 700 3923 τοῦ
716 3851 778 3920 Ζεῦ
794 3848 865 3934 ύνα,
883 3850 935 3920 καί
952 3857 1014 3921 τοῦ
1030 3851 1056 3922 ιδ
1072 3852 1176 3944 γύναι.
1204 3891 1246 3947 3⁰

151 3980 168 4009 ‘⁶
183 3968 240 4039 Τιύ
266 3969 417 4066 μύρμηκε,
439 3971 488 4040 πιδ
512 3970 701 4060 βουπλῆγε,
725 3976 798 4038 τοῖν
820 3971 1007 4063 μυρμῆκοιν,
1023 3978 1096 4039 τοῖν
1118 3969 1198 4056 βου-

104 4089 252 4177 πλὴγοιν,
280 4085 307 4154 ιδ
332 4083 528 4182 μύρμηκε,ιδ
556 4085 742 4175 βουπλῆγε.
793 4082 841 4153 Οἱ
869 4083 1038 4179 μύρμηκες,
1062 4087 1095 4154 οἱ
1119 4086 1198 4171 βου-

106 4208 233 4292 πλῆγεν,
251 4206 317 4270 τῶν
341 4205 518 4298 μυρμήκων,
536 4205 601 4272 τῶν
626 4201 837 4292 βονπλὴγων,
862 4209 935 4275 τοῖς
958 4195 1109 4295 μύρμηξι,
1127 4208 1199 4275 τοῖς

106 4313 309 4410 βουπλῆξιν.”

152 4431 303 4527 Εἴρηται,
321 4432 375 4502 ὅτι
399 4430 495 4527 διχῶς
518 4429 718 4531 κανονίζεται
744 4432 798 4502 ε’πί
824 4431 949 4504 τούτων
968 4433 986 4511 ἡ
1004 4427 1116 4512 δοτικὴ
1133 4435 1198 4502 τῶν
1209 4461 1246 4521 35
1295 4513 1299 4518 ,
