2982 5022
11 310 108 426 [υς-α’·
427 327 495 388 1312
516 327 572 387 το
595 327 887 390 ουουκτικοτι.
1168 343 1207 411 37

115 490 275 574 Μιδιάλα,
307 493 477 572 Γενειάλας
510 494 675 577 Γενειόλα,
706 495 852 573 Ἀτύλας
883 494 1027 578 Ἀπύλα,
1059 498 1211 595 Δορύλας

114 609 261 705 Δορύλα.
301 607 508 706 Πρόσκειται
527 623 547 652 “
559 613 603 695 μῆ
620 609 659 705 ἐξ
673 615 787 683 άπλῶν
804 610 1125 709 περιτποσυλλάβως
1140 623 1212 688 κλι-

112 725 249 807 νομένων
269 727 512 810 συντεθειμένα”
538 725 589 800 διὰ
606 726 649 799 τὸ
665 729 767 811 με’λας
788 727 937 810 μελαυος,
959 727 1011 798 καί
1035 731 1211 813 παμμελος

112 841 335 924 παμμέλανας.

160 955 217 1027 Τά
242 960 285 1034 εἷς
310 986 375 1028 κει
400 961 561 1051 λῆγοντα,
578 959 651 1041 μετ’
668 959 847 1038 ἐπιπλοκῆς
870 961 1046 1054 συμφώνου
1070 959 1235 1033 σύνθετα5

111 1071 177 1143 ἆπδ
187 1079 347 1168 μετοχῆς,
356 1070 676 1168 περιττοσυλλάβως
691 1073 868 1154 κλίνονται,
886 1069 964 1154 σίου,
984 1073 1120 1152 ’Ἀπλος
1137 1073 1208 1143 '‘A-

110 1197 266 1275 τλουτος,
283 1187 488 1286 Ἀνδράκλας
508 1187 783 1284 Ἀνδράκλαντος,
802 1187 920 1276 (τοῦτο
941 1187 975 1260 δὲ
992 1190 1123 1282 ἐγένετο
1140 1187 1209 1260 άπὸ

111 1310 170 1374 τοῦ
187 1302 341 1389 Κλάδας,
358 1303 444 1377 κατὰ
460 1305 632 1386 ιἰποκοπῆν
647 1299 737 1385 κλᾶς,
754 1304 807 1374 καί
824 1305 962 1378 ἐνταῦθα
977 1303 1208 1403 Ἀνδράκλας,)

112 1423 285 1498 πολύτλας
318 1422 560 1498 πολύτλαντος·
595 1418 663 1491 ι’δοίι
687 1425 793 1490 ταῦτα
828 1417 938 1492 πάντα
973 1422 1086 1518 ἔχουσι
1113 1419 1157 1492 τδ
1190 1451 1209 1492 κ

111 1537 180 1616 μετ’
203 1536 386 1618 ἐπιπλοκῆς
402 1536 514 1632 ε’πίρου
536 1537 722 1632 συμφώνου.
762 1534 985 1618 Σεσημείωται
1002 1535 1046 1608 τὸ
1065 1533 1210 1624 Βάμβας
1222 1567 1258 1608 ιο

112 1646 242 1737 Βάμβα
269 1648 502 1739 ίσοσυλλάβως
528 1650 725 1734 κλινόμενον,
750 1651 825 1722 ἔστι
853 1649 888 1724 δὲ
916 1653 1019 1737 ὄνομα
1045 1653 1211 1738 βασιλέως

112 1763 183 1836 ι’δῶν
202 1763 353 1861 (Ἰνδῶν).

159 1877 218 1950 Τά
245 1883 289 1958 είς
315 1910 382 1952 un
406 1882 530 1977 ἔχοντα
552 1882 727 1979 σύμφωνον
751 1881 819 1978 πρὸ
843 1888 903 1955 τοῦ
926 1913 950 1954 ιι
978 1881 1211 1972 ι’σοσυλλάβως

111 1997 289 2077 κλίνονται,
316 1992 385 2066 οἷον
411 1996 541 2080 Σίλμας
566 1997 692 2081 Σίλμα,
715 1995 851 2080 Τίλμας
868 1997 998 2084 Τελμα,
1024 2001 1211 2085 ἀκαμαντο-

112 2109 244 2207 χάρμας
286 2109 581 2208 ἆκαμαντοχάρμα,
623 2111 790 2210 Ἀρίμμας
828 2112 994 2210 Ἀρίμμα,
1036 2115 1211 2211 Ἐχίμμας
1224 2139 1257 2201 15

113 2225 282 2323 Ἐχέμμα,
301 2225 476 2323 Λυκόρμας
494 2225 665 2324 Λυκάρμα·
691 2228 790 2324 χωρίς
813 2235 875 2299 τοῦ
896 2229 1037 2314 Τάλμας
1054 2230 1213 2315 Τόλμον-

113 2373 178 2424 τος,
197 2344 274 2412 ἔστι
293 2341 327 2412 δὲ
343 2342 446 2426 ὄνομα
465 2343 583 2439 κύριον.

161 2456 221 2527 Τὰ
240 2460 283 2534 είς
300 2486 366 2526 mx
384 2455 583 2546 δισύλλαβα,
601 2459 722 2554 ἔχοντα
747 2460 806 2541 τῆν
823 2461 890 2559 πρὸ
906 2466 1022 2542 τέλους
1038 2469 1212 2554 συλλαβὴν

37 2597 98 2670 46η
115 2583 156 2658 είς
184 2586 356 2679 φωνήεντα
389 2587 654 2676 καταλήγουσαν,
682 2579 1003 2681 περιττοσυλλάβως
1035 2584 1212 2666 κλίνονται,

928 2693 941 2742 ύ
1062 2695 1075 2743 ί

113 2767 212 2853 ῆγουν
234 2759 285 2832 διὰ
305 2768 365 2832 τοῦ
383 2792 436 2844 τετ,
454 2758 532 2844 οἷον,
551 2759 666 2845 Θάμας
684 2759 868 2846 Θαύμαντος,
888 2761 1006 2844 Δάμας
1024 2761 1210 2846 Δάμαντος,
1223 2787 1260 2826 20

115 2877 245 2974 Βρίμας
261 2877 461 2976 Βρίμοντος,
479 2878 597 2961 Δάμας
615 2877 802 2962 Δάμαντος.

164 2991 222 3062 Τά
248 2995 291 3069 είς
317 3022 384 3064 μου
406 2991 486 3090 ὑπὲρ
513 2991 568 3063 δύο
589 2991 763 3079 συλλαβὰς
783 2993 905 3088 ἔχοντα
926 2991 986 3074 τῆν
1011 2988 1079 3088 πρὸ
1097 2991 1213 3070 τέλους

115 3109 289 3195 συλλαβῆν
311 3111 353 3184 είς
378 3112 502 3206 φωνῆεν
523 3111 788 3200 καταλῆγονσαν,
805 3106 890 3205 άπερ
908 3109 1040 3179 θέλουσι
1057 3107 1109 3178 καί
1127 3110 1214 3205 βρα-

114 3236 207 3320 χεῖαν
231 3227 498 3321 παραλῆγεσθαι,
515 3221 835 3319 περιτποσυλλάβως
854 3225 1030 3306 κλίνονται,
1048 3220 1117 3294 οίον
1134 3222 1214 3295 ἆδά-

114 3371 176 3423 μας
192 3340 391 3424 ἀδείμαντος,
406 3339 553 3424 Ὀδάμας
570 3341 784 3425 Ὀδάμαυτος,
797 3345 885 3433 (ἔστι
904 3342 937 3414 δὲ
955 3344 1057 3425 ὄνομα
1081 3343 1212 3438 ἔθνους)
1225 3363 1259 3424 25

117 3455 274 3539 Γοδάμας
299 3457 524 3542 Γαδάμαυτος,
551 3457 755 3541 Πολυδάμας
781 3457 1054 3540 Πολυδάμαντος,
1077 3457 1215 3527 Θειοδά-

115 3603 176 3652 μας
196 3571 451 3657 θειοδάμαντος,
466 3571 619 3657 Ἀκάμας
643 3571 862 3656 Ἀκάμαντος,
891 3571 1083 3668 Εὐρυδάμας
1109 3569 1215 3668 Εύρυ-

117 3683 292 3770 δάμαντος,
305 3685 509 3771 Ἀλκιδάμας
519 3687 795 3772 Ἀλκιδάμαντος.
821 3690 883 3758 Δεῖ
898 3691 1101 3784 προσθεῖναι,
1117 3686 1215 3784 χωρίς

116 3806 179 3871 τῶν
197 3799 373 3897 Περσικῶν
395 3803 575 3890 ὀνομάτων,
592 3806 691 3874 ε’κεῖνα
718 3801 786 3901 γάρ
811 3803 862 3874 καί
888 3799 997 3899 μακρά
1024 3806 1216 3898 παραλῆγο-

116 3945 183 4000 ται,
201 3916 254 3984 καί
273 3916 506 4005 ι’σοσυλλάβως
522 3919 676 4000 κλίνεται,
691 3915 769 4000 οἷον,
784 3918 947 4002 Σαλάμας
960 3916 1117 3999 Σαλάμα,
1130 3915 1263 4000 Σπι-3α

117 4026 225 4112 τάμας
242 4029 417 4114 Σπιτάμα.

165 4143 223 4214 Τὰ
249 4148 292 4222 εἰς
319 4175 386 4216 υκαι
410 4146 490 4244 ὑπὲρ
516 4147 571 4218 δύο
593 4147 767 4236 συλλαβὰς
792 4151 914 4246 ἔχοντα
939 4149 999 4230 τῆν
1015 4144 1083 4243 πρὸ
1100 4147 1216 4222 τέλους

119 4261 291 4346 συλλαβῆν
317 4263 360 4337 εἷς
388 4266 512 4360 φωνῆεν
539 4267 805 4356 καταλῆγουσαν,
832 4263 931 4360 χωρίς
953 4267 1018 4334 τῶν
1044 4259 1216 4359 Περσικῶν

120 4372 295 4458 ὀνομάτων,
319 4374 553 4466 ιὀοσυλλάβως
578 4379 754 4464 κλίνονται,
774 4377 842 4451 οίον
861 4379 993 4461 Θαύμας
1012 4375 1216 4460 θαύμαυτος,
