2982 5022
1157 315 1195 382 23

111 475 216 544 ις’θεῖον
235 471 288 542 καὶ
315 471 416 553 ἑνικὴν
438 475 567 541 πτῶσιν
592 468 717 569 ἄρθρον
738 469 782 543 τὸ
806 474 849 552 ἀ,
873 470 943 541 οἷον
966 472 985 541 ὁ
1010 467 1198 568 Σωκράτης.

110 587 243 672 θηλυκὸν
264 587 298 660 δέ
323 588 363 658 αθ
385 583 620 683 προτιόσσεται
646 589 719 659 κατ’
737 588 856 660 εὐθεῖαν
879 587 931 658 καὶ
953 587 1053 670 ένικην
1070 591 1199 658 πτῶσιν

109 703 220 803 ἀρθρον
236 702 279 776 τό
297 708 327 789 »5‚
344 701 414 776 οἷον
431 708 449 785 »5
464 702 596 786 Ἑλένη.
649 702 832 800 Οάδέτερον
849 701 884 774 δὲ
904 705 942 774 οὗ
964 701 1199 797 προτιόσσεται

107 824 169 892 κατ’
186 824 306 894 εάθεῐαν
331 822 383 892 καὶ
410 821 509 902 ε’νικῆν
533 825 662 892 πτῶσιν
684 819 809 917 ἄρθρον
829 817 873 890 τὸ
896 817 951 902 τό,
969 815 1037 890 οἷον
1058 817 1100 890 τό
1124 851 1201 890 παι-

107 936 176 1008 θῖον.
203 937 296 1014 Τινὲς
310 936 344 1008 δὲ
361 936 584 1034 προστιθέασι
602 937 733 1016 τούτοις
749 934 840 1007 ἄλλα
859 933 923 1016 δύο,
936 932 1042 1006 κοινάν
1057 935 1110 1004 καὶ
1129 935 1226 1012 ἐστι’-5

106 1084 212 1124 κοινον.
241 1053 311 1124 Καὶ
328 1051 434 1124 κοινάν
450 1051 507 1134 μέν
520 1053 612 1124 ἐστὶν
624 1049 667 1123 τά
683 1052 855 1149 ἀρσενικῶς
867 1051 920 1122 καὶ
939 1055 1079 1133 θηλυκῶς
1097 1052 1200 1144 λεγό-

105 1201 191 1250 μενον
214 1167 299 1252 μετά
326 1169 489 1266 διαφόρου
514 1167 648 1264 ἄρθρου,
674 1165 743 1240 οἷον
768 1169 786 1238 ὁ
813 1165 992 1264 ἅνθρωπος,
1018 1170 1070 1240 καὶ
1100 1173 1118 1251 5
1144 1167 1200 1240 ἅν-

106 1291 236 1380 θρωπος,
250 1288 269 1358 ὁ
285 1287 399 1366 ἵππος,
414 1285 465 1355 καὶ
483 1289 500 1366 »5
515 1286 628 1362 ἵππος·
648 1287 667 1354 ὁ
685 1286 772 1366 κύων,
785 1285 837 1356 καὶ
856 1289 874 1365 »5
891 1285 978 1356 κύων.
1010 1283 1200 1356 Ἐπίκοινον

106 1400 246 1472 ὃέέστῖν
267 1401 352 1497 ὅπερ
369 1399 387 1482 5
407 1401 509 1483 μόνως
531 1400 702 1497 ἀρσενικῶς
723 1401 742 1482 5
767 1400 869 1482 μόνως
894 1405 1044 1482 θηλυκῶς,
1069 1403 1201 1496 ε’πικρα-

105 1523 234 1593 τοῦντος
256 1516 368 1598 μέντοι
392 1522 454 1586 τοῦ
477 1513 555 1596 ἑνὸς,
581 1515 650 1586 οἷον
673 1519 691 1596 »5
715 1515 862 1611 χελιάιάν,
880 1517 898 1586 ὁ
916 1517 1023 1594 ἀετός·
1054 1513 1139 1587 κατά
1162 1544 1249 1588 τειο

105 1631 168 1730 γάρ
188 1634 359 1730 ἀρσενικοῦ
382 1633 433 1702 καὶ
459 1635 598 1714 θηλυκοῦ
620 1635 638 1714 »5
662 1631 808 1727 χελιάῶν,
834 1633 886 1702 καὶ
913 1636 931 1715 »5
954 1635 1074 1728 κορώνη
1099 1633 1202 1715 μόνως

104 1749 242 1840 λέγομεν
273 1747 419 1831 θηλυκόν,
447 1749 498 1820 καὶ
526 1750 545 1817 ὁ
573 1745 668 1824 ἀετός
697 1749 799 1829 μόνως
828 1748 1008 1845 ἀρσενικῶς·
1045 1751 1082 1818 οὐ
1107 1747 1202 1845 δεχό-

510 1862 580 1916 ἄλλο

104 1939 183 2016 μιθα
201 1933 358 2004 δὲταῦτα
376 1932 419 2004 τά
438 1931 492 2004 δύο
511 1935 587 2026 γένη
606 1934 684 2028 (sic)
703 1933 794 2030 παρὰ
815 1933 857 2005 τὸ
881 1933 1048 2032 ἀρσενικὸν
1069 1937 1120 2005 καὶ
1146 1939 1202 2018 θη-

105 2049 206 2135 λυκῶν,
223 2048 332 2130 ἐπειδὴ
350 2051 426 2120 οὗτε
447 2051 622 2132 σημασῖαν,
640 2052 716 2120 οὔτε
739 2051 847 2147 φωνὴν
864 2052 996 2148 ἔχουσιν
1015 2051 1106 2134 ι’ἀῖαν,
1126 2055 1202 2122 οὔτε

105 2165 207 2262 ἀρθρα
227 2164 304 2236 ἰ’θια·
329 2165 371 2236 τό
390 2164 457 2262 γὰρ
475 2167 708 2248 σημαινόμενον
724 2172 828 2238 τοῦτο
846 2167 864 2248 5
881 2167 1049 2263 ἀρσενικὸν
1067 2168 1085 2248 5
1106 2173 1202 2249 θηλυ-
1215 2199 1248 2258 ¹5

104 2283 156 2352 κόν
172 2283 258 2363 ε’στι,
271 2281 323 2352 καὶ
341 2285 359 2363 »5
377 2281 466 2379 φωνὴ
484 2281 601 2364 ὁμοίως
617 2281 635 2364 5
652 2281 801 2378 ἀρσενικῆ
820 2281 911 2352 ε’στιν
928 2281 946 2364 5
967 2285 1096 2364 θηλυκῆ.
1131 2281 1200 2352 Καὶ

104 2395 145 2468 τά
168 2395 278 2494 ἄρθρα
301 2397 417 2480 ὁμοίως
439 2395 457 2479 5
481 2394 633 2495 ἀρσενικὰ
657 2397 675 2478 5
700 2393 821 2478 θηλυκά
847 2399 938 2468 εἰσιν·
965 2395 1018 2468 ε’ἀν
1037 2395 1104 2496 γὰρ
1123 2397 1202 2469 εἴπω

105 2513 282 2610 ἅνθρωπος,
299 2509 384 2584 κατὰ
403 2509 514 2584 πάντα
538 2512 705 2609 ἀρσενικόν
723 2513 795 2584 ε’στι
813 2511 898 2584 κατά
919 2543 960 2606 γε
981 2513 1023 2586 τὸ
1049 2514 1203 2598 σημαινό-

104 2661 208 2714 μενον,
226 2625 308 2710 ᾱτὴν
325 2629 443 2726 φωνην,
460 2629 512 2697 καὶ
537 2625 580 2699 τό
606 2625 739 2724 ὄρθρον·
767 2626 821 2698 έάν
838 2627 872 2700 ἀὲ
891 2631 970 2700 εἴπω
987 2634 1004 2712 »5
1023 2626 1202 2728 ἅνθρωπος,

103 2743 187 2816 κατά
205 2741 316 2816 πόντα
334 2744 471 2826 θηλυκόν
487 2745 580 2814 ἔστιν
596 2744 713 2826 ὁμοίως
735 2741 820 2815 κατό
843 2777 882 2817 τε
904 2743 947 2816 τὸ
969 2747 1203 2829 σημαινόμενον
1215 2781 1252 2822 ιο

102 2862 152 2930 καὶ
170 2859 233 2942 την
249 2859 356 2956 φωνην
372 2859 424 2929 καὶ
440 2857 484 2929 τὸ
501 2857 636 2957 ἄρθρον.
667 2859 768 2930 Ἐπεὶ
787 2859 840 2930 οὖν
857 2859 945 2931 οὐδέν
961 2863 1093 2958 ἔχουσιν
1110 2863 1202 2950 Ιι’ῶιον,

103 2975 192 3046 ἀλλὰ
219 2971 540 3070 παραλαμβάνονται
568 2977 601 3044 ε’κ
626 2980 692 3046 τῶν
717 2973 828 3046 ἀλλων
852 2982 960 3068 γενῶν,
987 2979 1023 3047 αὖ
1045 2975 1203 3062 δυνάμεθα

102 3097 210 3160 ταῦτα
234 3091 343 3181 λέγειν
366 3088 458 3160 ἀλλα
482 3091 558 3183 γένη
583 3088 674 3188 παρά
697 3090 740 3163 τά
766 3089 934 3186 ἀρσενικόν
957 3091 1094 3173 θηλυκὸν
1118 3093 1205 3165 οὐδέ-

104 3237 211 3304 τερον.
264 3206 382 3277 Ταῦτα
399 3205 458 3289 μέν
474 3207 549 3304 περὶ
568 3213 678 3299 γενῶν.

154 3321 240 3404 Εἷδη
264 3321 298 3392 δὲ
324 3321 386 3393 εἰσὶ
412 3322 478 3408 δύο,
502 3323 721 3420 πρωτότοκον
746 3323 797 3393 καὶ
825 3320 1040 3419 παρόγωγον·
1074 3327 1205 3423 πρωτό-
1217 3361 1251 3420 25

106 3469 209 3508 τυπον
232 3439 290 3520 μέν
310 3439 394 3520 ἐστι,
412 3437 454 3510 τό
471 3437 557 3509 κατὰ
573 3440 632 3520 τὴν
650 3441 782 3534 πρώτην
800 3438 889 3511 θέσιν
906 3439 1035 3535 λεχθέν,
1054 3439 1131 3523 οἷον,
1151 3450 1206 3536 γῆ.

109 3551 326 3652 Παρόγωγον
354 3553 388 3624 δέ
414 3556 487 3625 ἐστι
515 3553 557 3626 τὸ
585 3556 647 3650 ἀφ’
674 3557 786 3652 ἑτέρου
814 3556 874 3637 την
905 3557 1030 3647 γένεσιν
1057 3557 1207 3654 ἐσχηκός,

107 3667 184 3753 οἷον,
218 3674 320 3761 γῆΐος.
373 3671 442 3741 Καὶ
474 3673 557 3742 ἔοικε
589 3669 631 3742 τὸ
664 3671 722 3754 μὲν
751 3673 972 3768 πρωτότυτον
1000 3680 1050 3765 τῷ
1078 3704 1209 3771 πρωτο-

106 3785 250 3875 πλόστῳ
281 3787 450 3882 ἀνθρώπῳ,
478 3785 520 3858 τὸ
550 3786 583 3858 δὲ
613 3785 819 3884 παράγωγον
848 3800 920 3866 τοῖς
951 3787 989 3883 ἐξ
1016 3791 1115 3861 αὑτοῦ
1147 3796 1209 3861 τοῦ

106 3897 383 4000 πρωτοπλάσπυυ
416 3903 605 3992 γινομένοις·
652 3905 683 3973 έν
718 3901 764 3980 οἷς
806 3905 864 3975 σὺν
906 3909 967 3995 θεῷ
1003 3910 1021 3987 ἦ
1055 3913 1258 4004 παροῦσα3ο

107 4015 238 4114 πρᾶξις.

155 4131 326 4228 Σχήματα
350 4131 384 4203 θέ
407 4136 468 4203 α’σι
492 4135 581 4230 τρία,
602 4137 741 4218 ἁπλοῦν,
762 4139 928 4224 σύνθετον,
951 4139 1210 4234 ποροσόνθετον.

107 4247 176 4317 Καὶ
204 4251 335 4318 ἁπλοῦν
357 4249 415 4330 μέν
437 4249 510 4319 ε’στι
535 4247 578 4320 τὸ
601 4251 645 4333 μὴ
669 4251 707 4321 ὃν
730 4255 763 4338 ἐκ
787 4253 966 4352 διαφόρων,
984 4255 1063 4324 ἀλλ’
1081 4255 1114 4324 έκ
1136 4261 1213 4338 μιᾶς

303 4443 318 4488 ‘¹
337 4449 370 4504 In
383 4469 468 4522 marg.
483 4447 564 4505 οὕτως
578 4450 653 4522 εὗρον
667 4452 727 4506 ἄνευ
741 4457 787 4509 τοῦ
802 4463 858 4509 ΚΑΙ
873 4454 1030 4522 συνδέσμου.
