2966 5014
405 281 472 341 αα
493 279 549 342 το
571 281 883 344 ουομκτικου.·
1123 293 1182 364 125

83 446 242 530 μοσθὲνηυ
275 445 361 532 μιτίι
395 456 457 520 τοῦ
479 480 501 521 κ
531 451 701 545 λέγουσι.”
744 449 951 548 Πρόσκειται
977 449 1091 523 “ύταν
1122 451 1183 546 ἔχη

84 563 142 645 τὴν
171 565 352 647 αἰτιατικὴν
373 566 637 654 ἰσοσύλλαβον,”
656 564 709 639 &a
733 565 776 639 τό
802 566 892 644 Θόας
920 565 973 638 καί
997 566 1106 664 Δρύας
1130 566 1183 637 καί

84 678 178 758 Αἴας.
222 680 340 754 Ταῦτα
358 678 426 777 γὰρ
449 683 492 758 εἰς
510 712 527 752 τ
544 686 714 774 λήγουσαν
734 683 804 779 ἔχει
830 683 889 767 τὴν
907 683 1037 764 εύθεῖαν,
1054 681 1106 752 καί
1127 681 1183 752 ούκ

84 798 214 892 ἔχουσιν
238 797 468 884 ἰσοσύλλαβον
492 798 553 880 τὴν
574 797 766 886 αἰτιατικὴν,
785 795 846 870 τόν
863 799 1017 894 Δρύαντα
1035 795 1103 892 γὰρ
1128 797 1182 870 καί

84 911 142 985 τόν
158 913 296 985 Θόαντα
320 913 373 983 καί
395 911 456 985 τόν
472 912 606 986 Αἴαντα
629 915 722 986 ἔστιν
741 917 759 996 ή
777 915 942 996 αἰτιατική
959 921 1207 1012 περιττοσυλ-5

20 1027 49 1110 34
60 1027 204 1118 νλόβως,
223 1027 273 1101 διὸ
291 1030 347 1099 οιίκ
362 1034 495 1126 ἔχουσιν
507 1031 605 1114 αι’ττὴν
618 1033 661 1108 εἰς
673 1061 695 1102 ω
709 1035 891 1123 λήγουσαν.
922 1029 989 1102 Διὰ
1006 1037 1110 1104 τούτο
1127 1028 1183 1102 ούν

83 1143 166 1218 εἶπεν
195 1147 215 1217 ὁ
243 1144 402 1243 τεχνικός,
430 1147 514 1218 ὅταν
538 1148 598 1243 ἔχη
628 1147 688 1230 τὴν
721 1146 903 1230 αἰτιατικὴν
934 1147 1180 1234 ἰσοσύλλαβον.

84 1261 288 1359 Πρόσκειται
315 1260 432 1346 “m-r&
462 1268 528 1334 τῶν
558 1263 663 1334 αἰτῶν
692 1263 901 1360 φωνηέντων”
950 1259 982 1334 ιίι
1011 1259 1054 1336 τό
1082 1261 1182 1359 Ἐρε-

81 1377 194 1473 τριεύς,
210 1376 264 1449 καί
282 1375 461 1474 Πειραιεύς,
478 1379 530 1448 καί
546 1379 752 1475 (Σ)τειριεύς.
775 1377 861 1450 Ἐπί
872 1378 998 1452 τούτων
1014 1375 1083 1475 γάρ
1095 1379 1182 1472 γίνε·

81 1523 134 1564 παι
145 1496 164 1575 ή
175 1492 341 1574 αἰτιατικὴ
353 1489 414 1564 τόν
426 1491 597 1591 Ἐρετριᾶ,
606 1495 659 1565 καί
671 1493 825 1594 Πειραιᾶ,
838 1496 890 1566 καί
900 1495 1083 1591 (Σ)τειριᾶ.
1110 1493 1180 1567 Ka?
1195 1513 1229 1554 10

83 1607 360 1679 ‘'3892‘’

110 1639 146 1680 ov
166 1639 262 1680 εστιν
284 1640 302 1691 η
328 1612 431 1680 ευθεῖα
457 1612 500 1686 εἰς
527 1639 545 1680 τ
570 1614 733 1703 λήγουσα,
750 1611 803 1682 καί
828 1613 896 1706 ἔχει
922 1610 983 1692 τὴν
999 1610 1182 1693 αἰτιατικὴν

83 1725 322 1812 ἰσοσύλλαβον·
347 1724 399 1794 καί
422 1723 530 1807 ἐπειδὴ
554 1726 610 1796 ούκ
628 1726 701 1797 ἔστι
719 1723 805 1809 μετά
829 1731 892 1797 τού
918 1729 1101 1822 φωνήεντος
1123 1733 1183 1809 τὴς

84 1842 209 1925 εύθείας,
229 1838 281 1912 θιά
297 1845 402 1912 τούτο
419 1841 474 1911 ούκ
492 1840 624 1934 ἐγένετο
641 1844 684 1918 εἰς
700 1870 723 1914 ιι
741 1845 759 1924 ὴ
777 1843 953 1924 αἰτιατική.
991 1838 1058 1914 Διίι
1075 1845 1181 1914 τούτο

84 1955 133 2028 ούν
161 1957 363 2054 προσέθηκεν
381 1955 496 2041 “μετίι
513 1963 579 2029 τῶν
595 1959 698 2029 αύτῶν
714 1958 935 2055 φωνηέντων.”
981 1955 1086 2051 Λέγει
1105 1955 1140 2030 δί
1161 1958 1181 2030 ὁ

85 2071 238 2170 τεχνικός,
257 2083 278 2114 “
290 2073 358 2144 ἕπει
380 2074 399 2156 ὴ
422 2072 465 2146 τό
483 2075 694 2158 Δημοσθένης
710 2075 778 2170 ἔχει
795 2075 856 2156 τὴν
878 2075 1000 2146 εύθεῖαν
1016 2075 1059 2151 εἰς
1082 2103 1099 2145 2
1122 2077 1182 2157 λή-
1194 2083 1228 2147 ¹5

87 2217 206 2282 γουσαν
235 2191 289 2260 καί
318 2189 378 2272 τὴν
403 2190 585 2272 αἰτιατικὴν
612 2191 843 2277 ἰσοσύλλαβον
871 2184 956 2272 μετὰ
986 2193 1051 2259 τῶν
1077 2188 1183 2267 αύτῶη

86 2307 283 2400 φωνηέντων,
309 2305 432 2377 τούτου
460 2303 559 2403 χάριν
589 2308 631 2382 εἰς
658 2335 681 2376 τι
709 2306 866 2389 έποίησαν
891 2305 1001 2388 αύτὴν,
1028 2301 1089 2375 τόν
1115 2305 1183 2386 Δη-

86 2422 242 2505 μοσθένην
260 2419 345 2504 μετὰ
367 2427 430 2492 τού
454 2451 476 2491 τι
501 2421 657 2514 λέγοντες
682 2427 731 2512 τῷ
753 2421 859 2494 κανόνι
883 2420 993 2512 τούτῳ
1018 2418 1182 2503 ἑπόμενοι.

89 2533 198 2610 Ταῦτα
215 2536 275 2622 μὲν
290 2539 323 2608 έν
339 2537 479 2614 τούτοις.

129 2653 260 2724 Ἰστέον
289 2651 323 2723 δὲ
349 2653 401 2724 ότι
430 2642 584 2750 τέσσαρα
613 2649 687 2724 τινά
717 2653 835 2749 ἔχομεν
863 2651 1003 2750 ζητήσαι
1030 2652 1180 2724 ἐνταῦθα·
1193 2677 1230 2720 20

735 2769 743 2794 ἱ
788 2771 797 2795 ἱ
872 2769 881 2794 Ι

87 2771 214 2860 πρῶτον
229 2767 300 2854 μὲν,
318 2768 405 2841 πότε
420 2769 487 2865 ἔχει
509 2769 569 2852 τὴν
585 2771 767 2852 αἰτιατικηυ
784 2768 1014 2856 ισοσυλλαβον
1032 2770 1049 2848 ὴ
1067 2768 1181 2850 εύθοῖα,

89 2877 227 2980 δεύτερον
253 2882 297 2966 δὲ,
323 2883 376 2956 ὅτι
403 2880 528 2976 ἀνάγκη
553 2889 746 2981 προσθεῖναι
769 2882 813 2956 τό
840 2884 916 2967 “μὴ
940 2884 1064 2979 ἔχουσα
1094 2879 1181 2955 κατά

89 2994 186 3076 τόθος
210 3001 272 3082 τὴν
297 3001 507 3083 αἰτιατικὴν,”
534 3001 652 3097 τρίτον
678 2999 724 3084 θί,
745 2999 799 3072 ὅτι
823 3005 986 3098 περιττῶς
1010 3008 1115 3070 κεῖται
1137 2996 1182 3072 τό

89 3123 106 3154 “
121 3114 202 3196 μετὰ
219 3121 286 3187 τῶν
303 3117 406 3188 αύτῶν
429 3116 647 3214 φωνηέντων,”
666 3117 834 3214 τέταρτον
857 3114 901 3200 ύὲ,
923 3114 1014 3187 θιατί
1030 3118 1062 3188 οἰ
1079 3112 1183 3198 Ἀθη-

88 3239 161 3302 ναῖοι
177 3231 240 3306 τόν
256 3233 468 3316 Δημοσθένην
484 3230 569 3314 μετὰ
586 3241 647 3306 τοῦ
663 3263 685 3306 τι
702 3233 869 3327 λέγουσιν.
909 3230 1012 3302 Ἀλλ’
1033 3232 1182 3314 ἔλθωμεν
1192 3247 1228 3309 25

87 3345 134 3418 ἔτί
154 3347 196 3420 τὸ
220 3353 365 3446 πρῶτον,
382 3348 434 3419 καί
458 3349 605 3434 εἴπωμεν,
623 3350 709 3422 πότε
733 3349 801 3444 ἔχει
826 3348 887 3430 τὴν
903 3347 1084 3428 αἰτιατικὴν
1110 3349 1183 3418 ἰσο-

89 3461 253 3552 σύλλαβον
279 3467 297 3546 ή
322 3464 437 3537 εύθεῖα.
479 3463 564 3537 Ἐάν
581 3464 649 3563 γάρ
674 3466 719 3550 μὴ
739 3469 844 3537 τοῦτο
860 3459 1023 3548 μάθωμεν,
1039 3461 1108 3557 ἔχει
1130 3490 1182 3542 τις

89 3577 178 3649 εἰπεῖν
200 3585 263 3653 τοῦ
287 3580 381 3664 πένης
403 3581 456 3652 καί
479 3587 543 3653 τού
565 3579 685 3679 Λάχης
709 3581 770 3664 τὴν
791 3577 974 3661 αἰτιατικὴν
996 3574 1057 3649 τόν
1085 3580 1182 3663 πέυην

90 3691 134 3762 καὶ
156 3693 218 3766 τὸν
235 3692 368 3792 Λάχην,
393 3697 532 3790 ἆγνοῶν,
556 3697 750 3794 κεχρημένος
767 3700 815 3788 τῷ
841 3693 947 3766 κανόνι
972 3694 1092 3786 τούτῳ,
1124 3695 1181 3770 ὅτι

90 3813 208 3882 “vtica
234 3813 338 3882 εύθιῖα
360 3815 403 3888 εἰς
429 3842 446 3883 2
467 3817 631 3906 λήγουσα,
649 3812 731 3883 ὅταν
746 3812 807 3907 ἔχη
833 3808 892 3893 τὴν
909 3812 1092 3895 αἰτιατικὴν
1110 3812 1230 3900 ἶσα-30

92 3925 253 4014 συλλαβον
269 3925 353 4010 μετὰ
370 3933 436 3998 τῶν
453 3929 556 4000 αἰτῶν
573 3929 772 4026 φωνηέντων,
794 3928 836 4003 εἰς
863 3955 884 3997 τι
910 3927 1008 4009 αύτὴυ
1031 3928 1099 4025 ἔχει
1122 3931 1183 4011 λή-

94 4044 236 4126 γουσαν.”
264 4042 396 4114 Τούτου
408 4041 506 4141 χάριν
516 4041 707 4142 ζητήσωμεν
724 4042 811 4113 πότε
831 4043 898 4137 ἔχει
923 4042 982 4124 τὴν
999 4045 1181 4126 αἰτιατικὴν

94 4154 311 4246 ἰσοσύλλαβον
327 4163 346 4241 ή
362 4161 476 4232 εύθεῖα.

135 4271 258 4345 ’ἰστέον
275 4273 329 4346 ὅτι
346 4273 391 4346 τά
408 4273 560 4373 ούθέτιρα
577 4276 848 4369 ὁμολογουμένως
867 4277 980 4372 έχουσι
1005 4277 1065 4360 τὴν
1083 4275 1182 4357 αὐτὴν

94 4383 180 4477 ἆρθὴν
194 4389 246 4460 καί
264 4391 444 4474 αἰτιατικὴν
460 4391 512 4464 καί
529 4389 692 4475 κλητικὴυ,
710 4387 779 4463 οἰον
801 4389 843 4464 τό
870 4393 962 4478 βήμα
988 4397 1050 4464 τοῦ
1072 4393 1226 4478 βήμα-ςς
