2954 5020
8 276 61 358 μ.
398 287 466 349 ΕΙΣ
487 287 543 349 ΤΟ
565 283 858 348 οΝοΜΑΤιΚοΝ.
1116 297 1174 348 121

74 455 252 538 μοσθὲνεος
265 455 319 528 καί
337 455 529 542 Διομήδεος.
576 455 664 526 Ἐπί
686 455 812 528 τούτων
828 451 898 554 γδρ
917 453 970 526 καί
988 455 1006 537 ή
1022 456 1176 547 λήγουσα

72 573 126 644 καί
155 578 175 657 ή
200 578 445 672 παραλήγουσα
478 573 736 655 συστέλλονται,
764 572 843 642 ἁλλ’
870 569 908 643 οὐ
938 575 1100 664 λήγουσιν
1132 573 1175 649 είς

73 693 209 786 φωνήεν,
226 691 305 761 ἀλλ’
322 693 366 767 είς
386 690 573 787 σύμφωνον.
614 685 823 786 Πρόσκειται
841 687 1175 784 “περιττοσύλλαβα

70 811 131 886 τῆς
147 803 229 882 ι’δίας
245 806 382 884 decla?
399 803 451 876 διὰ
467 803 511 876 τδ
525 804 675 902 Ὀμήρου
692 799 745 874 καί
762 803 944 901 ἆνθριίπον·
971 809 1079 875 ταῦτα
1105 801 1174 902 γὰρ

70 923 113 998 είς
143 926 269 1019 φωνήεν
296 927 450 1015 λήγουσι,
479 921 531 992 καί
559 919 645 1006 ὅμως
673 919 725 992 καί
753 921 772 1002 ή
801 923 1047 1018 παραλήγουσα
1071 919 1124 991 καί
1155 925 1199 1005 ή5

70 1041 226 1128 λήγουσα
251 1037 456 1121 ἐκτείνονται,
475 1038 555 1110 ἀλλ’
571 1039 609 1108 ον’
633 1037 985 1133 περιττοσνλλαβοῦσι
1010 1043 1069 1119 τῆς
1094 1035 1174 1115 ίδίας

69 1151 203 1230 εὐθείας.
234 1151 300 1224 Ἐν
316 1151 363 1232 οίς
380 1153 438 1225 σύν
455 1158 517 1245 θεῷ
532 1152 584 1224 καί
602 1155 621 1235 ή
637 1147 767 1250 πρᾶξις.

119 1266 310 1368 Κανονίζων
325 1269 385 1352 τήν
402 1267 532 1353 δοτικήν
554 1267 623 1342 ἆπδ
645 1275 704 1352 τῆς
727 1275 851 1361 γενικῆς
870 1263 1037 1366 κανονίζει,
1054 1267 1172 1361 λε’γων,

68 1383 124 1455 δτι
152 1392 175 1426 “
185 1387 281 1455 πᾶσα
310 1386 418 1478 γενικὴ
446 1385 723 1471 ίσοσυλλαβούσα
751 1389 794 1478 τῇ
822 1383 924 1475 εὐθείᾳ
958 1383 1018 1466 τήν
1044 1381 1173 1467 δοτικήν

67 1502 137 1597 ἔχει
181 1503 225 1578 είς
255 1531 267 1572 1
306 1501 533 1598 ἆνεκφιήνητον
567 1503 740 1592 λήγουσαν
767 1496 852 1582 μετὰ
889 1505 952 1571 τοῦ
989 1504 1220 1596 φωνήεντοςιο

67 1625 125 1700 τῆς
155 1617 277 1694 εὐθείας
301 1615 320 1699 ἦ
346 1614 495 1716 μείζονος
527 1615 753 1712 ἆντιστοίχον,
787 1613 856 1687 οίον
889 1616 909 1686 ὁ
943 1613 1077 1712 Πέρσης
1109 1623 1172 1688 τοῦ

69 1730 209 1829 Πέρσου
224 1738 273 1824 τῷ
291 1731 440 1828 Πίρση.”
487 1729 576 1803 Ἰδού
598 1737 702 1804 τοῦτο
725 1732 794 1828 ἔχει
816 1733 877 1814 τήν
894 1733 1018 1824 γενικήν
1035 1733 1173 1804 ι’σοσιίλ-

67 1849 179 1934 λαβον
195 1853 239 1941 τῇ
262 1848 376 1939 εὐθείᾳ,
398 1847 467 1943 ἔχει
493 1845 528 1918 δὲ
550 1847 602 1918 καί
625 1848 686 1930 τήν
709 1845 839 1931 δοτικήν
855 1850 899 1925 είς
916 1877 927 1918 ι
946 1847 1172 1946 ἆνεκφῶνητον

68 1967 239 2055 λήγουσαν
261 1961 347 2046 μετὰ
372 1969 434 2034 τοῦ
453 1967 638 2061 φωνήεντος
659 1971 718 2046 τῆς
738 1963 867 2045 εὐθείας,
886 1963 971 2060 φημὶ
996 1962 1033 2047 δή
1056 1969 1119 2036 τοῦ
1136 1991 1171 2050 α,

68 2077 111 2150 τὸ
131 2078 167 2150 δὲ
183 2109 196 2151 ι
213 2080 441 2176 ἆνεκφιίνητου
462 2080 564 2162 ἐστίν,
588 2077 707 2163 ἐπειδή,
732 2081 772 2156 ὡς
798 2077 971 2164 ἐμάθομεν,
988 2078 1032 2151 τὸ
1058 2111 1068 2152 1
1088 2082 1171 2152 τότε
1183 2106 1216 2168 15

68 2196 248 2293 εὑρίσκεται
278 2195 515 2292 ἆνεκφιίνητον,
541 2197 629 2278 ήνίκα
656 2198 767 2293 εὑρεθῇ
793 2191 878 2280 μετὰ
903 2201 965 2265 τοῦ
989 2223 1023 2280 α,
1044 2196 1063 2280 ή
1083 2194 1170 2280 μετὰ

67 2315 127 2382 τοῦ
143 2341 176 2394 α,
193 2311 213 2394 ή
228 2309 314 2396 μετὰ
331 2317 394 2384 τοῦ
410 2341 431 2382 A
448 2317 575 2409 μακροῦ
587 2313 619 2383 ἐν
630 2316 693 2405 μιᾷ
707 2313 875 2405 συλλαβῇ,
889 2307 957 2382 οίον
972 2317 1022 2402 τῷ
1038 2309 1169 2410 Χρύση,

68 2433 118 2518 τῷ
144 2433 254 2525 σοφῷ,
277 2432 325 2518 τῷ
346 2425 472 2520 Αἰνείᾳ.
524 2423 639 2499 Πδλιν
655 2428 747 2499 ἐστίν
765 2431 782 2510 ή
801 2425 932 2509 Μήδεια
948 2435 1007 2510 τῆς
1024 2427 1171 2512 Μηδείας

66 2550 110 2636 τῇ
126 2543 266 2636 Μηδείᾳ,
282 2543 334 2614 καί
361 2542 429 2614 ι’δού
450 2545 572 2616 τούταυ
591 2548 609 2626 ή
627 2544 734 2637 γενική
758 2545 981 2630 ίσοσυλλαβεῖ
994 2551 1038 2639 τῇ
1054 2545 1170 2637 εὐθείᾳ,

66 2657 225 2730 ἀλλὰκαὶ
244 2664 263 2742 ή
281 2659 453 2743 δοτικήείς
475 2689 487 2732 ι
510 2661 736 2758 ἆνεκφῶνητον
757 2663 854 2752 λήγει
877 2656 963 2742 μετὰ
980 2665 1042 2730 τοῦ
1061 2665 1169 2756 φωνή·
1178 2689 1215 2731 αα

8 2788 55 2852 ἀδ
69 2806 156 2853 εντοε
182 2785 242 2858 τῆς
271 2777 399 2859 εὐθείας,
426 2777 512 2874 φημί
540 2775 577 2861 δή
608 2782 669 2848 τοῦ
686 2798 717 2848 A·
743 2771 787 2848 τὸ
809 2774 844 2846 δὲ
866 2803 886 2846 A
911 2771 1035 2871 μακρὸν
1055 2775 1122 2872 ἔχει
1149 2779 1167 2857 ή

69 2889 188 2978 δεκτική,
209 2889 324 2990 ὥσπερ
352 2896 508 2986 ήγενική.
556 2893 607 2962 Ἦ
636 2891 670 2964 δὲ
696 2893 804 2988 γενική
829 2889 954 2990 μακρὸν
978 2891 1045 2988 ἔχει
1067 2887 1112 2963 τύ
1135 2919 1166 2975 A,

68 3007 171 3090 ε’τειδή
210 3010 306 3078 πᾶσα
347 3009 456 3101 γενική
488 3007 723 3099 ι’σοσολλείβως
756 3008 924 3092 κλινομένη
956 3036 1167 3105 μακροκατα·

68 3130 194 3205 ληκτεῖν
222 3124 320 3206 θέλει,
346 3121 416 3197 οἷον
445 3123 615 3224 ἄνθρωπος
640 3126 823 3223 ἆνθριίτου,
840 3123 990 3221 Ὅμηρος
1008 3123 1167 3223 Ὁμήρου,

68 3235 152 3331 δίψα
179 3235 293 3332 δίψης,
316 3246 424 3323 μοῦσα
449 3241 579 3324 μούσης,
595 3239 792 3337 Ἀντιόχεια
818 3238 1037 3336 Ἀντιοχείας,
1055 3238 1167 3311 Ἀτιί·
1178 3258 1214 3320 25

67 3385 137 3434 μεια
169 3355 364 3439 Ἀπαμείας,
394 3355 493 3432 οὕτως
527 3354 580 3427 οὐν
613 3357 665 3427 καί
700 3353 904 3438 τδΜήδεια
935 3352 1082 3436 Μηδείας
1115 3353 1167 3425 διὰ

68 3477 187 3567 μακροῦ
212 3476 276 3542 τοῦ
301 3501 321 3541 A
345 3468 432 3543 κατὰ
458 3472 518 3555 τήν
539 3476 675 3565 γενικήν.
727 3471 934 3570 Πρόσκειται
953 3466 1168 3541 “ίσοσνλλοί·

69 3585 130 3670 βας
152 3587 343 3670 κλινομένη”
361 3585 414 3658 διὰ
439 3586 481 3658 τδ
505 3585 591 3665 Αίας
610 3586 759 3666 Αίαντος
783 3587 835 3658 καί
854 3583 974 3683 Λείχης
992 3581 1165 3681 Λάχητος·

69 3708 172 3773 ταῦτα
199 3699 268 3799 γὰρ
294 3705 332 3772 οὐ
356 3709 727 3800 μακροκαταληκτούσιν
751 3699 836 3774 κατὰ
857 3704 917 3786 τήν
934 3701 1070 3796 γενικήν,
1087 3701 1167 3772 ἀλλ’

69 3819 102 3885 οὐ
109 3821 275 3890 κλίνονται
289 3816 535 3905 ίσοσνλλιίβως,
548 3817 639 3889 ἆλλὰ
649 3815 979 3916 τεριττοσυλλοίβως·
994 3820 1029 3889 αἱ
1038 3814 1166 3916 πατρὸς
1175 3839 1214 3897 30

68 3933 114 4002 καί
130 3930 256 4030 μητρὸς
274 3935 395 4028 γενικαί
413 3935 702 4022 ι’σοσυλλαβούσαι
719 3943 793 4010 ταῖς
810 3931 902 4012 ἰδίαις
918 3935 1061 4019 εὐθείαις,
1078 3933 1166 4030 φημί

69 4045 101 4129 δή
125 4056 167 4142 τῇ
195 4051 307 4146 πατήρ
338 4051 390 4120 καί
416 4050 610 4148 μήτηρκαὶ
635 4050 679 4133 μή
704 4057 1088 4148 μακροκαταληκτοῦσαι,
1111 4051 1167 4121 οὐκ

68 4162 256 4236 διτίκεινται
287 4167 371 4250 ἡμῖν,
391 4163 499 4248 ε’τειδή
526 4167 562 4236 οὐ
588 4165 752 4236 κλίνονται
784 4163 1026 4255 ι’σοσυλλοίβως·
1053 4165 1165 4262 πατήρ

69 4274 132 4375 γὰρ
156 4280 301 4376 πατέρος
326 4282 408 4362 ήσαν
424 4281 476 4352 καί
502 4285 609 4378 μήτηρ
637 4281 788 4378 μητέρος,
805 4281 857 4352 καί
883 4281 970 4354 κατὰ
995 4281 1166 4376 συγκοπήν

69 4399 125 4463 τοῦ
141 4425 161 4467 A
178 4395 339 4488 γεγόνασι
366 4395 495 4496 πατρὸς
520 4398 572 4468 καὶ
597 4393 732 4495 μητρὸς,
749 4397 801 4468 καὶ
827 4396 948 4470 λοιπὸν
969 4401 987 4478 ἦ
1013 4393 1210 4492 συγκοπῆςς

610 4531 632 4574 R
1125 4533 1129 4540 .
