2966 5014
15 277 51 358 β.
389 285 455 345 ΕΙΣ
477 285 533 345 ΤΟ
556 284 848 346 ΟΝΟΜΑΤΙΚΟΝ.
1110 301 1166 372 131

1020 451 1138 480 λὶἱ

64 455 182 537 ὁμοίως
208 451 313 524 πάλιν
338 456 372 524 οί
400 451 576 550 ἅνθρωποι,
602 457 621 534 ή
647 483 680 524 οι
707 451 898 550 δίφθογγος
926 483 1035 550 μοκρα
1065 485 1167 540 εστιν,

64 567 153 639 ἀλλὰ
179 570 238 640 καί
262 570 450 666 ἆνθριήπους
473 573 490 651 ή
515 599 572 640 οτι
597 565 706 666 μακρά
730 570 858 657 ὁμοίως,
875 569 927 640 καί
944 572 1078 666 κοχλίαι
1096 574 1114 653 ή
1132 600 1165 642 ιι

63 683 260 783 δίφθογγος
285 681 394 782 μακρά
421 685 524 768 ἐστιν,
550 683 641 755 ἀλλὰ
668 684 720 754 καί
746 685 884 781 κοχλίαι
907 684 950 756 τδ
976 715 1017 755 κε
1042 684 1167 784 μακρὸν

61 801 190 882 ὁμοίως.
246 803 309 871 Δεῖ
332 805 525 899 προσθεῖναι
549 803 581 872 ἐν
596 809 646 892 τῷ
661 803 768 872 κανόνι
787 807 849 870 τοῦ
867 807 1017 896 τεχνικοῦ
1034 813 1054 842 “
1066 803 1166 899 χωρίς

59 921 123 986 τῶν
147 918 338 1014 Δωρικῶν·”
361 917 583 988 συστέλλεται
605 916 674 1015 γὰρ
700 922 718 1000 ή
744 917 907 998 αἰτιατική
933 922 998 988 τῶν
1024 922 1189 1000 πληθυν·5

58 1039 155 1104 πικῶν
172 1035 270 1130 παρὰ
291 1045 362 1110 τοῖς
380 1035 557 1130 Δωριεῦσιν
574 1033 627 1103 ε’πί
645 1039 710 1104 τῶν
726 1034 870 1129 ε’χάιτινν
886 1033 945 1114 τήν
961 1034 1081 1104 εὐθεῖαν
1097 1039 1164 1104 τῶν

60 1152 289 1230 πληθυντικῶν
322 1151 364 1225 είς
396 1149 457 1232 τήν
491 1177 523 1219 ιιι
559 1147 752 1244 δίφθογγον
787 1154 967 1240 λήγουσαν,
1002 1146 1071 1220 οἷον
1102 1157 1164 1222 τοῦ
1211 1205 1212 1208 ¹

60 1269 170 1361 κοῦραι
200 1271 328 1361 κοῦρας,
353 1265 406 1334 καί
431 1262 474 1335 τδ
504 1263 625 1359 ὄγχναι
656 1265 792 1359 ὄγχνας.
840 1262 961 1346 Ἡμεῖς
992 1263 1049 1346 μὲν
1073 1263 1116 1336 τδ
1143 1295 1162 1336 κ

60 1377 187 1474 μακρὸν
208 1385 375 1462 ποιοῦμεν,
393 1381 426 1450 οί
443 1375 479 1450 δὲ
496 1378 630 1474 Δωριεῖς
646 1379 887 1450 συστέλλουσιν
903 1379 995 1450 αιίτά.
1044 1379 1163 1452 Ταῦτα

62 1492 118 1573 μὲν
134 1496 169 1564 ἓν
185 1495 331 1572 τοιίτοις.
1177 1525 1211 1565 ιο

101 1603 232 1700 Ἀξιον
250 1605 284 1678 δὲ
307 1604 458 1706 ζητήσαι,
476 1611 505 1678 εί
527 1605 594 1704 ἄρα
616 1608 648 1677 ε’ν
668 1615 711 1700 τή
732 1609 834 1700 εὐθείᾳ
856 1615 921 1679 τῶν
942 1613 1164 1691 πληθυντικῶν

63 1725 131 1800 ήιιι
151 1722 348 1821 δίφθογγοι
369 1723 443 1794 ἀντί
466 1731 569 1806 κοινής
585 1720 897 1821 παραλαμβάνεται,
914 1725 967 1794 καί
989 1726 1044 1794 ἕνα
1066 1721 1164 1805 ήμισυ

64 1838 186 1933 χρόνον
211 1839 292 1934 ἔχει,
317 1838 392 1910 ὅθεν
418 1838 470 1908 καί
500 1839 619 1922 ταύτης
648 1840 702 1909 ε’πί
732 1840 848 1917 τέλους
874 1842 970 1924 οὕσης
999 1836 1163 1917 πολλάκις

65 1953 352 2052 προπαροξύνεται
370 1957 388 2036 ή
402 1951 503 2048 λέξις,
514 1951 583 2025 οἷον
598 1953 733 2049 ἅμαξαι,
743 1953 918 2054 τράπεζαι,
932 1955 1060 2039 ἄελλαι,
1075 1955 1165 2028 διατί

66 2069 106 2149 μή
129 2071 183 2142 καί
206 2069 251 2142 τδ
274 2101 295 2142 ιι
320 2071 462 2163 λέγομεν
480 2071 513 2141 ἐν
528 2076 571 2164 πή
589 2073 755 2166 αἰτιατική
769 2077 835 2143 τῶν
851 2077 1072 2154 πληθυντικῶν
1088 2073 1161 2144 ἆντί
1176 2106 1187 2146 ι
1193 2104 1209 2164 5

65 2191 167 2266 κοινῆς
195 2183 518 2282 παραλαμβάνεσθαι
548 2184 632 2284 πρὸς
660 2188 843 2281 ἀναλογίαν
866 2195 925 2270 τῆς
953 2189 1070 2265 εὐθείας
1099 2193 1164 2261 τῶν

68 2304 310 2384 πληθυντικῶνς
339 2301 409 2372 Καί
425 2303 517 2373 ἔστιν
533 2305 643 2384 εἰπεῖν,
661 2301 714 2372 ὅτι
738 2305 767 2372 εί
788 2303 841 2373 καί
859 2301 959 2385 δῶμεν
975 2301 1018 2374 τὸ
1035 2334 1055 2374 ιι
1072 2304 1105 2373 ε’ν
1120 2308 1165 2396 τῇ

67 2415 231 2510 αἰτιατικῇ
247 2421 313 2488 τῶν
329 2421 549 2500 πληθυντικῶν
574 2419 628 2490 ἕνα
653 2415 752 2502 ήμισυ
768 2418 890 2515 χρόνον
904 2421 1002 2516 ἔχειν,
1019 2419 1071 2490 καί
1089 2418 1164 2490 ἆντί

67 2539 167 2612 κοινῆς
199 2530 536 2630 παραλαμβάνεσθαι,
570 2534 647 2605 ἀλλ’
679 2531 732 2605 οὖν
764 2533 807 2606 τδ
842 2565 861 2606 x
894 2536 1163 2633 προσερχόμενον

67 2645 178 2741 ἕτερον
206 2647 305 2732 ἥμισυ
333 2648 454 2746 χρόνον
483 2645 657 2746 χαρίζεται
684 2651 785 2740 αὐτῷ,
810 2651 863 2721 καί
892 2651 1054 2722 ιἰποτελεΐ
1081 2647 1210 2725 ου’τδαο

69 2762 162 2854 φύσει
194 2765 328 2861 μακρόν·
358 2763 403 2836 τὰ
429 2761 498 2861 γὰρ
524 2764 682 2860 σύμφωνα
708 2763 862 2848 δηλονότι
887 2763 932 2836 τὰ
959 2767 1054 2834 ἁπλᾶ
1080 2764 1164 2861 πρὸς

69 2875 160 2957 ἥμισυ
176 2882 299 2978 χρόνον
315 2881 439 2976 ἔχουσι.
471 2878 678 2975 Πράσκειται
697 2891 717 2922 “
727 2881 850 2961 άπλᾶ,”
865 2877 973 2962 ἐπειδή
990 2877 1034 2950 τά
1048 2878 1162 2962 διπλᾶ,

68 2989 124 3064 ἅτε
152 2996 193 3080 δή
222 2996 276 3067 διίο
306 2997 485 3092 συμφώνων
516 2995 639 3092 ἔχοντα
672 2995 809 3080 δύναμιν,
837 2993 921 3092 πρὸς
953 2997 1008 3066 ἕνα
1041 2995 1163 3092 χρόνον

70 3109 190 3204 ἔχουσι.

116 3225 231 3299 Πάλιν
263 3227 354 3323 ἄξιον
388 3229 462 3300 ἐστὶ
497 3225 637 3327 ζητήσαι
672 3226 724 3298 διὰ
757 3228 855 3299 τοίαν
886 3229 994 3299 αι’τίαν
1026 3225 1114 3298 εἶπεν
1142 3229 1208 3318 ὁα5

72 3341 214 3438 τιχνικδς
239 3357 259 3386 “
272 3347 315 3420 είς
336 3346 396 3427 τήν
414 3373 448 3414 Ax
467 3343 661 3441 δίφθογγον
676 3347 859 3437 λήγονσα,”
875 3346 928 3415 καί
945 3345 1000 3414 οιίκ
1017 3341 1104 3414 εἶπεν
1120 3346 1164 3418 είς

73 3483 84 3522 ι
102 3464 262 3552 λήγουσα.
306 3459 437 3531 Ἐστιν
453 3457 506 3531 οὖν
523 3463 632 3542 εἰπεῖν,
650 3459 704 3531 ὅτι
732 3463 786 3530 οὐκ
807 3459 943 3542 ήδιίνοτο
966 3461 1067 3530 εἰπεῖν
1087 3461 1130 3534 είς
1151 3489 1161 3528 ι

73 3575 228 3664 λήγουσα,
245 3573 353 3657 ἐπειδή
377 3577 411 3646 αι’
435 3578 478 3652 εἷς
502 3577 562 3658 τήν
583 3605 616 3646 οι
640 3579 804 3668 λήγουσαι
830 3573 1024 3673 δίφθογγον
1046 3573 1162 3644 εὐθεῖαι

74 3692 280 3771 πληθυντικαί
305 3692 343 3760 οὐ
368 3697 500 3762 ποιοῦσι
526 3697 637 3787 τροπή
663 3697 724 3762 τοῦ
752 3723 762 3763 1
790 3695 832 3768 είς
856 3721 873 3762 z
896 3691 956 3774 τήν
981 3691 1162 3774 αἰτιατικὴν

73 3809 131 3873 τῶν
151 3811 383 3889 πληθυντικῶν,
402 3807 478 3878 ἀλλ’
498 3811 540 3884 είς
558 3837 618 3878 ους
638 3813 787 3878 ποιοῦσιν
804 3808 912 3890 αὐτήν,
930 3807 998 3878 οἷον
1014 3807 1209 3906 Ὄμηροιηο

73 3916 235 4020 Ὁμήρους,
249 3919 413 4019 ἅνθρωποι
431 3923 628 4021 ἀνθρώπους,
642 3924 738 3994 καλοί
755 3922 882 4004 καλοὺς,
898 3923 1004 4019 σοφοί
1022 3923 1160 4019 σοφοὺς,

74 4035 162 4126 φίλοι
181 4039 311 4135 φίλους.
695 4045 697 4052 “

119 4149 258 4250 Εἴρηται
285 4153 339 4224 ὅτι
365 4160 430 4226 τῶν
453 4155 560 4226 δυΐκῶν
582 4156 634 4225 καί
659 4161 724 4226 τῶν
746 4160 967 4237 πληθυντικῶν
986 4158 1025 4231 ῶς
1044 4159 1062 4236 ή
1080 4156 1161 4250 ὀρθή

77 4261 164 4344 οὕτως
179 4271 231 4340 καί
249 4273 268 4352 ή
284 4275 430 4353 κλητική.
