2954 5020
275 325 318 392 62
566 323 769 389 ΓΕΩΡΓΙΟΎ
789 323 1085 388 ΧΟῙΡΟΒΟΣΚΟΎ
1396 324 1460 384 K.»

274 497 377 581 μόνας
392 497 569 576 κλίνονται,
586 494 638 566 καί
664 495 701 566 οῦ
725 494 875 586 γίνονται
900 491 953 564 διά
976 498 1041 566 τοῦ
1063 522 1083 563 ιι
1106 494 1159 566 καί
1176 521 1198 565 ο
1215 491 1387 571 ’Amas

275 609 361 684 κατὰ
387 611 446 693 τῆν
466 609 591 703 γενικῆν
614 606 665 680 διδ
692 607 735 680 τδ
762 609 806 691 μῆ
829 617 1041 692 συνιμπισεῖν
1064 617 1138 686 τοῖς
1166 608 1386 705 ἐπιρρήμασι.

277 725 334 798 Τδι
363 724 433 822 γὰρ
461 726 670 823 ἐπιρρήματα
699 726 804 796 αι’ττῶν
830 721 883 796 διά
915 730 979 796 τοῦ
1009 755 1029 796 α
1058 723 1112 794 καί
1141 755 1163 796 α
1190 725 1285 810 εἰσὶν,
1312 723 1387 798 οἷον

276 841 403 937 παχέας
428 838 579 938 ἔδραμον,
603 838 700 935 ὀξέως
726 845 858 921 ἤκουσα,
879 836 1026 936 βραδέως
1047 839 1264 936 παρεγίνετο,
1287 837 1388 922 ῆδέινς

278 953 418 1053 υοᾶφυ·
936 999 949 1013 ·
1397 979 1415 1038 ⁵

327 1069 384 1142 Τὰ
401 1072 444 1147 εἷς
459 1099 498 1142 τι
514 1078 673 1163 μονογενῆ
694 1068 737 1144 τῦ
759 1101 778 1146 τ
800 1069 971 1170 φυλάσσει
995 1073 1051 1144 έπῖ
1077 1079 1202 1165 γενικῆς
1226 1069 1385 1154 δηλονότι

277 1187 329 1260 καί
343 1186 395 1260 διδ
406 1193 551 1285 καθαροῦ
562 1193 624 1259 τοῦ
637 1217 672 1260 οι
689 1187 846 1272 κλίνεται,
857 1187 927 1258 οἷον
941 1185 1071 1284 στάχυς
1083 1184 1242 1285 στάχυος,
1256 1188 1387 1285 βότρυς

240 1294 246 1310 ’
277 1303 431 1400 βότρυος,
445 1304 528 1380 νέκυς
540 1304 652 1385 νέκυος,
662 1301 697 1393 (ὁ
709 1301 842 1401 νικρδς,)
853 1303 965 1402 Τίφυς
975 1303 1118 1402 Τίφυος,
1130 1305 1220 1394 (ἔστι
1231 1303 1265 1376 δὲ
1278 1305 1388 1389 ὄνομα

277 1419 410 1516 κῦριον,)
424 1415 650 1502 Ῥαδάμανθυς
663 1417 921 1503 Ῥαδαμάνθυος,
933 1421 1000 1511 (καί
1018 1419 1100 1492 αῦτό
1118 1419 1154 1496 δὲ
1169 1421 1262 1493 ἐστιν
1278 1421 1387 1504 ὄνομα

277 1534 412 1632 κύριον)
446 1534 533 1616 πλῆν
564 1539 627 1606 τοῦ
658 1541 764 1630 πῆχυς
797 1539 937 1630 πῆχισς,
965 1536 1019 1608 καί
1051 1535 1186 1614 πέλεκυς
1214 1537 1387 1615 πελέκεως.
1400 1567 1436 1606 ιο

276 1647 408 1722 Ἰστέον
425 1646 460 1720 δὲ
483 1647 537 1719 ὅτι
562 1653 669 1720 ταῦτα
691 1646 735 1720 τῦ
759 1655 866 1745 πῆχυς
881 1650 935 1724 καί
953 1649 1088 1727 πέλεκυς
1102 1651 1218 1748 ἔχουσι
1235 1650 1288 1724 καί
1305 1648 1388 1726 άνά-

278 1776 385 1861 λογον
401 1766 453 1839 καί
469 1762 670 1862 παράλογον
686 1763 798 1850 οὕτως,
815 1767 845 1838 ιῖ
858 1764 918 1848 μὲν
934 1770 1074 1840 κλιθῦσι
1092 1763 1144 1838 διὰ
1161 1771 1224 1840 τοῦ
1241 1795 1261 1840 ι
1278 1766 1332 1840 καί
1351 1797 1387 1848 ο,

279 1880 348 1958 οἷον
377 1887 501 1978 πήχεος
526 1881 687 1962 πελέκεας,
717 1876 887 1974 ἀνάλογον
915 1880 974 1964 μὲν
997 1879 1042 1954 τῦ
1064 1911 1096 1964 ο,
1120 1877 1322 1980 παράλογον
1349 1879 1389 1954 δέ

279 1997 323 2072 τῦ
341 2021 371 2070 υ·
397 2001 426 2070 τί
441 1995 475 2068 δὲ
492 1994 544 2070 διὰ
560 2001 623 2068 τοῦ
640 2025 660 2067 ιι
680 1995 732 2068 καί
759 2025 781 2068 α
805 1993 980 2078 Ἀττικῶς,
1006 1992 1177 2088 ἆνάλογον
1200 1993 1260 2079 μὲν
1282 1993 1327 2068 τά
1354 2025 1389 2080 ιι,

281 2110 481 2212 παράλογον
498 2110 533 2185 δὲ
547 2109 591 2184 τδ
609 2142 642 2195 α,
658 2109 767 2194 έπιιδῆ
784 2111 818 2181 οἱ
833 2110 1005 2194 Ἀθηναῖοι
1031 2110 1190 2192 ἐποίησαν
1206 2109 1388 2184 έπέιςτασιν
1400 2144 1411 2182 ι
1418 2141 1434 2201 5

282 2235 345 2304 τοῦ
361 2261 381 2301 ο
399 2232 442 2308 είς
457 2227 500 2302 τδ
518 2259 550 2311 α,
566 2224 718 2325 ἔτρεψαν
740 2226 792 2300 καί
819 2224 863 2298 τῦ
888 2231 1090 2324 παραλῆγον
1105 2255 1125 2298 τ
1146 2228 1190 2303 εἷς
1213 2253 1246 2310 υ,
1263 2226 1304 2302 ὡς
1327 2227 1388 2296 ι’πὶ

281 2353 343 2419 τοῦ
364 2346 534 2422 Μενέλαος
551 2343 731 2420 Μενέλεως.
783 2339 995 2440 Παράλογου
1013 2341 1049 2414 δέ
1070 2343 1145 2414 ἔστι
1161 2339 1206 2419 τδ
1223 2371 1257 2424 α,
1273 2340 1387 2426 ἐπειδῆ

281 2460 326 2533 τὰ
354 2463 397 2538 ιίς
425 2489 465 2532 τι
493 2457 651 2532 οῦδέποτι
678 2460 814 2532 ἔκτασιν
844 2455 1054 2546 λαμβάνουσι
1084 2457 1129 2532 τὸ
1159 2490 1179 2532 ο
1209 2461 1253 2538 είς
1281 2456 1325 2532 τῦ
1351 2489 1386 2528 α.

282 2576 529 2660 Σισημιιιομένα
552 2573 588 2645 δέ
611 2576 674 2648 εἶσι
699 2572 742 2646 τῦ
772 2581 876 2672 πῆχυς
903 2579 1031 2672 πήχεως
1053 2574 1106 2645 καὶ
1131 2573 1265 2652 πέλεκυς
1286 2573 1390 2644 πελέ-

280 2723 365 2772 κεως.
417 2691 623 2790 Πρόσκιιται
651 2691 755 2782 έντῷ
780 2691 887 2762 κανόνι
914 2702 934 2732 “
946 2689 1127 2783 μονογενῆ”
1150 2686 1204 2760 διὰ
1227 2686 1273 2762 τά
1297 2719 1436 2784 προ·ςο

282 2807 446 2905 λεχθέντα
461 2814 608 2906 τριγευῆ,
625 2805 694 2878 οίον
710 2803 763 2878 διδ
788 2803 831 2879 τῦ
855 2805 961 2906 ταχὺς
982 2807 1106 2903 ταχέας
1128 2806 1182 2878 καὶ
1209 2803 1255 2878 τά
1273 2805 1387 2889 ὅμοια·

282 2931 388 2998 ταῦτα
405 2920 473 3018 γὰρ
491 2923 528 2992 οῦ
548 2919 761 3019 φυλάττουσι
777 2921 821 2995 τὸ
837 2953 857 2996 ι·
872 2920 957 2998 κατὰ
978 2923 1038 3007 τῆν
1055 2923 1193 3016 γενικῆν,
1209 2919 1303 2996 ἄλλά
1327 2919 1386 2996 διά

282 3045 345 3114 τοῦ
362 3069 424 3110 ιον
440 3038 618 3112 κλίνονται.
1191 3057 1195 3064 ’

333 3151 389 3226 Τὰ
405 3155 449 3232 εἷς
460 3182 500 3224 τι
514 3153 756 3240 μονοσύλλαβα
773 3159 1010 3252 περισπῶνται,
1020 3155 1073 3228 καὶ
1090 3153 1143 3228 διὰ
1160 3160 1307 3254 καθαροῦ
1322 3163 1388 3228 τοῦ

196 3301 237 3372 57
253 3281 323 3347 boz
339 3269 516 3354 κλίνονται,
531 3269 584 3340 καὶ
602 3268 827 3342 συστέλλουσι
844 3268 888 3342 τὸ
904 3299 924 3340 τ
940 3271 973 3342 ἐν
988 3276 1032 3365 τῆ
1050 3277 1158 3366 γινικῆ
1183 3271 1237 3344 καί
1261 3273 1295 3346 ἐν
1310 3283 1389 3352 ταῖς
1398 3309 1432 3368 ²5
1473 3325 1474 3344 ι

283 3383 354 3482 ἑξῆς
370 3388 547 3468 στάσεσιν,
565 3381 635 3456 οίον
650 3389 710 3470 μῦς
724 3383 814 3470 μυὸς,
831 3391 888 3463 σῦς
904 3383 992 3471 συδς,
1009 3385 1083 3484 δρῦς
1099 3385 1204 3485 δρυός.

334 3501 389 3576 Τὰ
407 3504 450 3581 εἷς
466 3531 505 3576 τι
530 3501 611 3600 ὑπὲρ
635 3501 712 3585 μίαν
728 3503 901 3588 συλλαβῆν
917 3506 1162 3601 παριστάμενα,
1179 3505 1209 3576 εί
1230 3501 1290 3587 μὲν
1304 3501 1388 3578 ιδσιν

282 3617 532 3719 ιἰποκοριαπικδ,
555 3619 715 3713 άποβολῆ
740 3623 802 3692 τοῦ
831 3647 849 3690 ι
876 3625 1009 3690 ποιοῦσι
1031 3619 1091 3702 τῆν
1113 3619 1248 3713 γενικῆν,
1272 3616 1387 3694 οἶονδ

284 3737 400 3822 Καμῦς
425 3742 487 3807 τοῦ
513 3734 623 3818 Καμίι,
647 3737 667 3806 ὁ
694 3732 826 3831 Λαρδῦς
855 3740 917 3806 τοῦ
947 3733 1074 3834 Λαρδίι,
1101 3736 1122 3805 ὁ
1148 3735 1303 3813 Κλαυσῦς
1322 3743 1389 3810 τοῦ

284 3851 436 3937 Κλαυσῦ,
452 3853 471 3922 ὁ
487 3849 617 3948 Καρδῦς
638 3855 701 3924 τοῦ
716 3849 843 3950 Καρδῦ,
859 3853 879 3922 ὁ
897 3851 1012 3930 Διοιῦς
1027 3858 1090 3926 τοῦ
1104 3852 1215 3924 Διονύ·
1240 3854 1270 3924 ιί
1289 3849 1324 3926 δὲ
1339 3853 1388 3938 μῆ
1397 3881 1434 3940 3ο

282 3973 362 4044 δσιν
374 3965 622 4067 ῦποκοριστικδι,
640 3964 693 4040 διὰ
708 3971 853 4066 καθαροῦ
867 3973 929 4042 τοῦ
946 3997 986 4040 oz
1003 3967 1182 4053 κλίνονται,
1194 3967 1265 4040 οίον
1276 3969 1388 4064 ὀσφῦς

284 4087 424 4187 δσφιίος,
435 4085 595 4178 (σημαίνει
614 4083 648 4162 δέ
662 4085 724 4169 τῆν
739 4082 863 4182 ῥάχιν,)
881 4087 975 4181 ι’χθῦι
992 4084 1116 4182 ι’χθιίος,
1126 4085 1233 4182 ὀφρῦς
1248 4085 1387 4182 ὄφρῦος.

335 4202 391 4278 Τά
417 4207 460 4283 ιίς
479 4233 517 4278 τι
540 4203 690 4286 σιίνθιτα,
708 4203 738 4274 αι’
758 4199 817 4286 μὲν
839 4197 907 4272 ἀπὸ
932 4201 1049 4272 άπλῦυ
1077 4201 1121 4277 εἷς
1147 4227 1187 4270 τι
1212 4199 1388 4292 ληγόντων

284 4324 349 4400 ete>
372 4322 607 4407 συντεθειμένα,
628 4321 689 4404 τῆν
707 4323 774 4391 τῶν
797 4320 912 4392 άπλῦν
934 4313 1149 4414 φυλάττουσι
1175 4315 1295 4404 κλίσιν,
1316 4317 1387 4390 οἷον

286 4439 414 4542 βραχὺν
447 4439 603 4538 θρανίου,
640 4436 826 4534 τιῐβνικυ
859 4429 1075 4534 τυιβυᾶιυον
1105 4440 1210 4530 τῆκυ
1243 4435 1428 4530 τίκτοιεν
1469 4541 1470 4548 Ν
