2954 5020
17 331 88 412 με.
406 343 472 401 ειν
493 341 549 401 To
572 340 862 401 οιιοιιιτιιςοιι.
1145 351 1186 422 55

21 521 81 592 54³·
96 513 163 610 περί
179 511 223 583 τὸ
246 515 366 600 σῦμα,)
386 512 539 608 προβλὴς
566 512 773 607 προβλῆτος,
792 509 825 598 (ὃ
843 510 1117 605 προβεβλημένος
1133 511 1187 582 καὶ

94 625 231 724 έξέχων,)
249 627 350 713 ἆδμὴς
375 626 527 712 ἆδμὴτος,
555 630 573 698 ὁ
601 624 804 711 ἀδάμαστος,
832 625 945 722 χερνὴς
971 636 1140 724 χερνῆτος,
1167 627 1186 696 ὁ

92 745 307 842 χειροτέχνης.
343 745 566 828 Σεσημείωται
591 742 635 815 τῦ
665 741 777 838 κουρὴς
811 749 978 838 κουρὴτος,
1004 742 1100 827 δηλὴς
1127 742 1189 814 δει-

92 868 201 945 λῆτος,
213 860 290 958 (εἰς)
303 862 355 932 καί
372 861 415 933 τὸ
433 859 539 954 ψιλὴς
557 859 717 955 φιλὴτος,
734 856 788 926 ὅτι
808 867 873 932 τῶν
893 863 935 938 είς
961 889 1004 930 nx
1030 857 1189 954 ὀξυτόνων

93 976 297 1067 δισυλλάβων
313 980 348 1050 ἓν
364 979 540 1076 σύμφωνον
555 979 709 1075 έχάντων,
727 983 767 1058 ὡς
791 983 942 1074 ἔγνωμεν,
964 979 1007 1054 εἷς
1022 1006 1082 1047 ατε
1094 976 1215 1073 έχόν-5

91 1125 150 1165 των
166 1097 226 1178 τὴν
243 1096 379 1189 γενικὴν,
394 1092 464 1165 οἷον
480 1096 591 1193 σαφὴς
608 1101 747 1195 σαφοῦς,
767 1095 888 1192 ψευδὴς
915 1091 1064 1187 ψευδοῦς,
1081 1099 1189 1164 ταῦτα

93 1211 139 1283 διὰ
163 1219 224 1283 τοῦ
249 1243 311 1284 τοι
333 1213 517 1294 έκλίθησαν·
545 1212 608 1282 εἰσί
635 1211 669 1285 δὲ
695 1213 812 1298 έθνικδ,
836 1219 935 1306 ἤγουν
957 1211 1047 1286 ἔθνος
1072 1208 1192 1291 σημαί-

93 1359 186 1400 νονσι.

138 1444 191 1515 Τὰ
211 1442 265 1514 διὰ
282 1450 344 1514 τοῦ
361 1471 453 1513 mx
468 1439 606 1536 ὀξῦτονα
624 1447 667 1521 εἷς
684 1475 743 1516 on
760 1447 873 1543 έχουσι
890 1445 950 1528 τὴν
967 1441 1102 1536 γενικὴν,
1120 1435 1189 1510 οἷον

92 1561 234 1658 σαφηνὴς
260 1561 473 1658 σαφηνοῦς,ῦ
495 1565 617 1658 σαφὴς·
645 1561 805 1646 ταιδεινὴς
828 1559 1015 1642 παιδεινοῦς,
1038 1559 1058 1628 ὃ
1081 1555 1238 1634 παιδι-ςο

91 1677 149 1754 κός·
175 1677 321 1771 γαληνὴς
338 1681 508 1768 γαληνοῦς,
525 1677 544 1746 ὁ
563 1675 706 1768 γαληνὸς
721 1678 861 1775 τρόπος.

136 1789 190 1862 Τά
209 1788 280 1862 άπδ
296 1795 363 1860 τῶν
380 1791 423 1866 εἰς
442 1819 482 1858 02
499 1789 672 1886 ἆρσενικιῦν
689 1795 731 1869 εἰς
752 1821 794 1863 uz
819 1791 972 1885 γινόμενα
990 1787 1129 1882 ὀξάτονα
1148 1790 1190 1864 εἷς

92 1935 143 1977 απ
169 1908 287 2004 ἔχουσι
317 1905 377 1988 τὴν
407 1906 543 1998 γενικὴν,
571 1903 640 1977 οἷον
670 1907 869 2006 νεόπτορθος
896 1905 1097 2004 νεοπτορθὴς
1124 1934 1191 1976 νεο-

92 2028 265 2120 ττορθοῦς,
286 2021 441 2109 (σημαίνει
465 2019 583 2093 δέτὴν
607 2023 730 2120 ἔχοντα
757 2025 826 2096 νέον
850 2022 997 2118 κλάδον,)
1020 2020 1191 2097 νεάκλαδος

94 2139 258 2223 νεοκλαδὴς
274 2137 470 2221 νεοκλαδοῦς,
489 2137 627 2236 διίσηχος
644 2139 783 2238 δυσηχὴς
801 2141 968 2237 δυσηχοῦς.
1204 2155 1238 2217 ¹5

138 2254 191 2327 Τά
219 2259 264 2332 εἷς
289 2285 332 2325 ux
357 2253 495 2348 ὀξάτονα
521 2253 612 2352 παρὰ
629 2259 717 2352 ῥῆμα
735 2258 885 2339 σύνθετα,
903 2257 947 2340 μὴ
964 2253 1033 2326 άπὸ
1051 2257 1194 2336 ταθητι·

93 2378 144 2442 κοῦ
166 2369 415 2468 παρακειμένου,
432 2373 475 2446 είς
499 2401 557 2442 ατε
579 2372 692 2467 ἔχουσι
720 2372 779 2455 τὴν
808 2372 943 2465 γενικὴν,
964 2367 1033 2442 οἷον
1056 2369 1194 2466 σπείρω,

94 2487 312 2582 πολυσπειρὴς
324 2492 575 2584 πολυσπειροῦς,
593 2486 689 2585 ἄρδω,
704 2486 853 2584 νεοαρδὴς
866 2485 1041 2585 νεοαρδοῦς,
1059 2489 1191 2568 πὴσσω,

94 2601 207 2695 ἐπάγη,
223 2603 452 2699 πρωτοπαγὴς
469 2611 722 2699 τρωτοπαγοῦς.
774 2605 981 2701 Πρόσκειται
997 2617 1017 2646 “
1032 2601 1189 2697 ὀξῦτοναῗ’

96 2717 141 2790 διά
156 2719 199 2793 τὸ
216 2726 330 2803 πωλῶ,
348 2723 566 2804 παντοπώλης
583 2724 814 2793 παντοτάλαυ·
841 2728 945 2794 τοῦτο
970 2719 1038 2818 γὰρ
1064 2723 1106 2796 εἷς
1131 2720 1191 2802 τὴν
1202 2749 1240 2789 ιο

98 2861 133 2900 ατ
159 2831 355 2928 δίφθογγον
383 2833 451 2928 ἔχει
478 2835 538 2916 τὴν
566 2835 699 2927 γενικὴν,
729 2835 806 2906 ἀλλ’
833 2835 888 2904 οῦκ
914 2835 1008 2904 ἔστιν
1038 2829 1192 2926 άξῦτονον

96 2945 179 3017 άλλά
197 2949 397 3043 βαριίτονον.
430 2947 637 3045 Πράσκειται
656 2961 676 2992 “
687 2950 731 3033 μὴ
751 2951 892 3022 σύνθετα
916 2947 984 3020 άπδ
1010 2952 1193 3032 παθητικοῦ

96 3063 356 3160 ταρακειμένου,”
372 3061 481 3147 ἐπειδὴ
506 3065 652 3136 καθόλου
678 3063 723 3137 τά
749 3069 791 3143 εἷς
820 3095 862 3136 nx
886 3063 1025 3159 άξιίτονα
1052 3065 1192 3136 σύνθετα

96 3176 157 3248 άπδ
182 3175 341 3274 ῥημάτων
371 3179 447 3260 μίαν
477 3180 650 3267 συλλαβὴν
681 3177 894 3277 φυλάττουσι
922 3187 984 3252 τοῦ
1011 3185 1193 3264 παθητικοῦ

95 3295 325 3392 παρακειμένου
355 3295 406 3365 καὶ
433 3293 484 3366 διὰ
512 3301 657 3394 καθαροῦ
682 3303 743 3368 τοῦ
769 3327 829 3368 τοι
857 3297 1011 3378 κλίνεται,
1040 3294 1109 3366 οἷον
1135 3295 1239 3389 βέ·η5

95 3411 225 3494 βληται,
242 3411 349 3498 άβλὴς
363 3411 522 3500 ἆβλῆτυς,
538 3412 698 3504 (σημαίνει
717 3410 751 3482 δέ
767 3410 827 3483 τδν
841 3410 1014 3509 άτρωτον,)
1028 3409 1192 3494 δέδμηται,

97 3525 190 3609 άδμὴς
215 3525 373 3612 ἀδμῆτας,
390 3529 409 3597 ὁ
427 3523 630 3610 ἀδάμαστος,
647 3528 818 3626 τέτρηται,
844 3530 979 3626 ὴμιτρὴς
1004 3532 1193 3623 ὴμιτρὴτος,

97 3641 211 3716 ὀκατᾶ
228 3641 274 3714 τά
291 3641 389 3725 ἥμισυ
403 3643 609 3740 τετρημένος.

142 3759 198 3830 Τά
225 3756 296 3830 άπὸ
316 3764 382 3828 τῶν
406 3762 449 3836 εἰς
475 3789 515 3830 τε
537 3763 579 3836 είς
606 3787 647 3830 ιιι
672 3760 825 3853 γινόμενα
851 3762 894 3836 εἷς
916 3789 972 3831 οςιι
998 3760 1112 3857 έχουσι
1135 3760 1195 3842 τὴν

99 3877 227 3965 γενικὴν,
257 3872 327 3946 οἷον
359 3875 472 3972 βαρὺς,
503 3876 629 3974 άβαρὴς
661 3875 815 3974 άβαροῦς·
852 3875 976 3973 βριθῦς,
1003 3879 1023 3946 ὁ
1049 3874 1194 3974 ἰσχυρὸς,
1205 3905 1244 3963 30

99 3992 250 4088 ἐμβριθὴς
265 3993 450 4090 ἐμβριθοῦς·
477 3996 594 4088 τὴχης,
612 3990 747 4087 διπήχεις
765 3989 930 4088 διτὴχους,
943 3996 1107 4088 τριπὴχης
1122 4022 1197 4089 τρι-

100 4109 228 4202 πὴχους,
254 4106 342 4189 αἷκῦς,
368 4109 387 4178 ὁ
416 4107 529 4204 ταχῦς,
556 4107 700 4190 ποδώκης
729 4105 901 4188 τοδῶκους,
932 4107 1011 4192 ὴδῦς,
1035 4106 1196 4190 πολυηδὴς

101 4221 283 4306 τολυηδοῦς.

491 4335 583 4408 Περὶ
601 4343 666 4409 νῦν
685 4339 741 4410 niz
760 4369 803 4410 ιε.

149 4449 203 4522 Τά
227 4455 269 4528 εἷς
295 4481 326 4524 12
353 4453 595 4540 μονοσύλλαβα
623 4451 675 4525 διὰ
701 4458 846 4554 καθαροῦ
874 4461 936 4528 τοῦ
954 4483 993 4526 οι
1019 4456 1221 4542 κλίνονται,3
1226 4485 1243 4546 5
