2966 5014
425 349 491 408 ΕΙΣ
512 349 569 409 ΤΟ
592 347 884 409 ΟΝΟΜΑΤῙΚΟΝ.
1144 348 1203 431 185

49 519 101 588 οἰ
146 514 304 596 Αἰολεῖς
330 518 576 613 ἀνεπλήρωσαν,
604 517 676 594 τῖος
708 517 876 610 λέγοντες,
910 519 951 596 ἰος
980 517 1072 614 παρὰ
1108 519 1204 591 Σαπ-

50 639 164 730 φοῖ,

264 735 360 790 τίοισιν
373 734 561 808 ὀφθαλμοῖσιν,

50 861 212 938 ἄλλως
226 891 267 933 τε
283 861 317 934 θε
331 861 375 934 τό
392 891 445 934 τιν
462 863 518 933 οὐκ
542 860 682 960 ἄρχεται
705 861 774 933 ἆπό
791 868 853 934 τοῦ
870 893 905 948 n,
921 867 986 934 τῶν
1002 860 1114 933 ἄλλων
1129 891 1205 932 πευ-

51 983 222 1050 στικῶν
238 975 305 1049 ότό
327 985 388 1050 τοῦ
413 1008 436 1050 n
462 979 660 1076 ἀρχομένων,
687 975 757 1050 οἰον
782 987 887 1060 ποῖος,
913 977 1030 1060 πόσος,
1057 977 1203 1062 πηλίκος,
1214 1009 1230 1066 5

53 1091 262 1176 ποδαπός,
279 1093 386 1177 ἰτειθή
404 1093 561 1190 διήλλαξε
576 1093 661 1167 κατὰ
684 1095 743 1178 τήν
760 1091 932 1192 ἄρχουσαν
948 1092 1033 1191 πρός
1049 1091 1095 1166 τό
1112 1093 1204 1166 ἄλλα

55 1207 270 1292 mmuh,
287 1208 444 1305 διήλλαξε
468 1211 520 1282 καί
545 1209 630 1282 κατὰ
655 1211 716 1294 τήν
733 1209 911 1292 ποσότητα
932 1214 998 1281 τῶν
1016 1211 1211 1298 συλλαβῶν,

5 1329 34 1392 b
58 1325 134 1396 καὶ
178 1329 249 1396 τῶν
277 1324 388 1398 ἄλλον
415 1326 677 1423 ὑπερβαινόντων
704 1326 764 1409 τήν
788 1326 1072 1412 μονοσυλλοβίαν,
1099 1332 1204 1398 τοῦτο

59 1441 359 1528 μονοσυλλαβεῖ.
410 1438 524 1512 Πόλιν
541 1441 704 1538 ἆποροῦσι
727 1439 820 1524 τινός,
838 1440 1006 1534 λέγοντες,
1023 1442 1060 1512 τί
1080 1440 1206 1524 δήποτε

62 1553 231 1626 πάντων
243 1561 308 1628 τῶν
324 1563 503 1628 πευστυιῶν
519 1558 563 1640 μή
582 1557 682 1628 ὄντων
699 1553 878 1656 ζητητικῶν
894 1559 991 1640 αὐτῆς
1007 1565 1066 1642 τῆς
1083 1559 1203 1641 οόσίας,
1218 1591 1253 1630 10

63 1669 189 1742 ἀλλὰ
220 1677 285 1743 τῶν
311 1673 388 1771 περὶ
414 1675 474 1756 τήν
501 1673 621 1756 οόσίαν,
648 1672 717 1744 οἷον
746 1670 788 1744 τό
814 1683 919 1756 ποῖος,
945 1674 1136 1758 ποιότητος,
1161 1674 1204 1746 τό

68 1787 217 1869 πόσος,
250 1788 452 1872 ποσότητος,
485 1787 529 1861 τό
558 1791 704 1872 πηλίκος,
732 1789 963 1872 πηλικότητος,
991 1787 1034 1860 τό
1064 1789 1204 1873 πόστος,

69 1902 233 1998 τάξεως,
250 1902 293 1975 τό
316 1903 478 1990 ποδαπός,
498 1905 615 1988 ἔθνους,
640 1903 683 1977 τό
709 1935 763 1977 σιτ
787 1905 885 1988 αὐτῆς
910 1912 969 1987 τῆς
994 1903 1104 1980 οόσίας
1129 1905 1205 1977 ε’στί

76 2016 285 2119 ζητητικόν,
312 2021 509 2116 ἐρωτώμενοι
546 2018 614 2117 γὰρ
646 2021 698 2098 τίς
729 2022 815 2106 ἐστι,
843 2020 988 2114 λέγομεν
1016 2018 1205 2119 Σωκράτης,

78 2131 272 2216 Πλότων;
306 2135 376 2207 Καὶ
405 2137 498 2208 ἔστιν
530 2138 629 2207 εἰπεῖν
656 2137 716 2218 τήν
745 2137 853 2206 αἰτίαν
882 2137 1016 2218 ταύτην·
1051 2135 1097 2207 τὰ
1131 2163 1254 2224 τευ-15

81 2249 201 2324 στικᾶ
228 2249 338 2323 πάντα
367 2253 598 2350 ὑπερβαίνουσι
621 2251 682 2334 τήν
704 2251 986 2338 μονοσυλλαβίαν,
1008 2246 1077 2321 οἰον
1100 2259 1205 2331 τοῖος,

84 2365 218 2448 πόσος,
236 2365 382 2449 πηλίκος,
399 2367 539 2448 πόστος,
557 2364 717 2448 ποδαπός,
738 2364 781 2438 τὸ
807 2363 843 2436 όὲ
867 2395 921 2436 m
945 2366 1205 2452 μονοσυλλαβεῖ,

85 2481 210 2565 ἐπειδή
227 2479 385 2577 διήλλαξε
401 2480 485 2578 πρὸς
500 2481 545 2554 τὰ
563 2480 655 2553 ἄλλα
672 2481 746 2579 περί
769 2482 830 2565 τήν
847 2481 1026 2565 ποσότητα
1043 2485 1109 2554 τῶν
1126 2487 1207 2552 συλ-

89 2599 228 2686 λαβῶν,
244 2597 374 2675 εἰκότος
391 2597 548 2692 διήλλαξε
563 2599 615 2669 καί
641 2600 717 2696 περί
733 2596 777 2670 τό
795 2599 1039 2682 σημαινόμενον.
1092 2594 1207 2668 Πόλιν

90 2713 267 2810 ἀποροῦσι
288 2711 380 2795 τινὲς,
398 2713 564 2806 λέγοντες,
582 2716 611 2784 εἰ
626 2711 691 2810 όρα
708 2711 778 2784 ἀπὸ
795 2719 860 2784 τῶν
877 2716 919 2794 εἰς
937 2743 969 2784 u
985 2717 1102 2784 όπλῶυ
1118 2711 1206 2783 οὖόί-
1218 2739 1255 2778 20

94 2859 192 2900 ποτε
220 2828 348 2921 γίνεται
377 2825 546 2924 οὐδετέρου
571 2825 913 2926 παρασχηματισμός,
944 2825 1013 2896 οἷον
1042 2822 1111 2895 ἆπό
1144 2831 1207 2896 τοῦ

96 2942 231 3027 μόιτις,
249 2941 396 3014 ἀπὸτοῦ
412 2943 501 3040 ὄφις,
518 2939 586 3014 ἆπό
604 2948 666 3014 τοῦ
682 2942 790 3025 πόλις,
809 2942 885 3013 οὔτε
910 2938 978 3012 ἆπό
995 2945 1060 3013 τῶν
1076 2939 1205 3022 όμοίιυν,

97 3058 196 3132 θιατί
226 3055 270 3129 τό
301 3087 355 3130 τιν
388 3069 478 3130 ποιεῖ
507 3057 677 3157 οόθετίρου
708 3055 1040 3155 παρασχημαπισμόν
1073 3054 1116 3128 τό
1149 3056 1186 3127 τί
1197 3079 1207 3139 ;

98 3173 312 3274 Πρόσιιιιτοι
342 3174 444 3248 “ιίπό
472 3182 538 3248 τῶν
563 3179 605 3253 εἰς
631 3207 663 3247 ιτ
688 3175 833 3256 θπλῶυ,”
859 3172 967 3256 ἐπειδή
991 3171 1036 3245 τό
1067 3173 1207 3244 σόνθετα

98 3295 235 3365 εἰώθασι
260 3301 364 3364 ποιεῖν
381 3291 549 3389 οὐδετέρου
573 3286 913 3388 παρασχηματισμόν,
931 3288 1000 3359 οἷον
1017 3289 1036 3358 ό
1054 3288 1208 3384 εὔπατρις
1219 3317 1254 3378 25

100 3408 145 3480 τό
172 3409 323 3504 αἰποτρι,
349 3409 368 3478 ό
395 3406 587 3504 φυγόπολις
611 3403 655 3476 τό
681 3403 868 3500 φυηόπολι,
892 3404 911 3472 ό
938 3404 1067 3497 εὔχαρις
1092 3397 1135 3471 τό
1161 3401 1209 3468 εὔ-

100 3551 197 3621 χαρι.
249 3519 303 3593 Τό
319 3522 428 3620 τρόφι
444 3523 584 3602 α’πλοιίν,
601 3517 670 3591 οἰον
693 3521 748 3612 [ll.
765 3518 810 3588 λ’.
828 3519 918 3610 307.]

267 3651 375 3704 πολλόν
388 3649 417 3704 δί
430 3649 511 3721 τρόφι
524 3651 600 3718 κῦμα,

100 3754 154 3824 καί
181 3751 327 3835 σημαίνει
352 3749 395 3823 τό
420 3749 591 3848 εὐτραφὲς,
618 3749 726 3832 μηθεὶς
751 3749 870 3820 οἰέσθω
900 3742 969 3817 όιπό
998 3748 1060 3814 τοῦ
1084 3741 1208 3840 τρόφις

102 3868 274 3965 ιἰρσενικοῦ
298 3863 387 3950 εἰναι,
405 3865 483 3936 ἀλλ’
499 3864 568 3938 ιἰπό
593 3871 654 3938 τοῦ
679 3864 850 3962 τρόφιμον
867 3861 987 3956 γέγονε
1011 3855 1097 3930 κατὰ
1123 3857 1208 3928 ιἰπο-
1217 3887 1256 3946 30

104 3981 218 4064 κοπήν,
236 3980 255 4064 ἰη
272 3978 340 4052 όπό
364 3986 426 4052 τοῦ
451 3981 605 4078 εὔτροφος
631 3982 799 4079 ἀρσενικοῦ
824 3977 980 4050 συνθέτου
1005 3973 1143 4068 γόγονεν
1160 3975 1208 4044 εό-

104 4102 225 4194 τροφι,
241 4093 353 4193 ὥσπερ
370 4095 575 4192 λιπόποτρις
591 4095 793 4192 λιπόποτρι,
807 4092 859 4164 καί
882 4093 955 4164 κατ’
971 4085 1130 4181 ἔλλειψιν
1145 4093 1208 4159 τοῦ

108 4243 147 4284 απ
162 4211 283 4309 τρόφι,
298 4211 383 4309 ὅπερ
399 4211 451 4282 καί
468 4211 523 4281 ε’πί
535 4217 598 4283 τοῦ

267 4341 367 4410 ήρυσαν
380 4336 495 4412 ήνορίην,

109 4449 179 4522 ἆντί
197 4447 267 4546 ιγὰρ
284 4451 456 4547 εόηνορίην.
478 4449 609 4521 Ἔστιν
625 4446 679 4520 οἰνν
696 4449 795 4519 εἰπεῖν
811 4448 871 4529 τήν
887 4445 996 4518 αἰτίαν
1011 4442 1143 4523 ταύτην·
1164 4435 1253 4522 πόρε

636 4561 691 4624 nb
