2954 5024
400 351 467 412 ειν
488 351 544 411 το
566 349 859 411 οωοωιτικοω.
1118 359 1179 429 ²35

797 517 899 544 ⁸0»

45 518 254 608 Ἀττικῶς,
269 519 383 618 ι’ίσπερ
399 521 426 590 ιδ
440 517 565 605 μάντις,
584 517 737 602 δηλονότι
754 547 807 588 και
828 549 846 598 η
867 521 971 589 ευθεῐα
994 519 1013 588 ὁ
1036 517 1179 614 πρίσβις

44 634 189 734 ὥσπερ
219 634 397 719 ὁμάντις,
427 636 480 708 καί
509 639 528 718 »5
558 633 666 729 γενική
697 641 759 707 τοῦ
791 633 963 732 πρέσβεως
996 633 1179 711 ἀκολούθως

47 749 190 850 ὥσπερ
206 759 268 824 τοῦ
282 749 436 837 μάντεως.
475 751 594 824 Ταῦτα
611 749 670 834 μὲν
686 751 719 822 ἕν
734 751 877 828 τούτοις.

75 865 79 870 ’
103 865 243 962 Ἀξιον
260 867 294 940 δὲ
310 869 384 940 ε’στί
403 865 555 968 ζητῆσαι,
573 865 626 938 διὰ
651 868 749 938 ποίαν
770 867 878 940 αἰτίαν
900 863 943 938 τδ
968 867 1093 964 βότρυς
1114 867 1178 956 βά-

50 984 253 1081 τρυος,’καί
271 981 398 1081 στάχυς
414 981 571 1080 στάχυος,
590 985 626 1054 οὗ
643 983 769 1077 γίνεται
793 981 886 1081 παρὰ
908 993 980 1060 τοῖς
1005 982 1204 1062 Ἀττικοῖς5

54 1096 119 1169 διὰ
140 1103 208 1170 τοῶ
223 1125 255 1170 α·
281 1098 334 1171 καί
354 1100 447 1171 ἔστιν
469 1102 578 1182 εἰπεῖν,
602 1097 666 1182 ὄτι,
684 1100 723 1176 ὡς
740 1097 913 1183 ἐμάθομεν,
929 1095 974 1170 τά
992 1099 1176 1172 ἐκτείνοντα

54 1212 107 1285 τὸ
130 1246 152 1285 ο
172 1217 217 1293 εἰς
232 1213 275 1288 τδ
292 1247 314 1288 α
331 1214 495 1293 Ἀττικῶς
519 1215 573 1285 ε’πί
590 1219 656 1286 τῶν
670 1215 924 1312 καθαριευόντων
940 1216 992 1286 καί
1008 1212 1051 1288 τδ
1068 1247 1178 1312 παρα-

54 1338 180 1424 λῆγον
211 1338 335 1431 φωνῆεν
361 1335 404 1410 εἰς
432 1362 452 1403 ιι
481 1327 765 1419 μεταβάλλουσιν,
795 1331 865 1403 οἷον
893 1331 971 1429 ὄφις
998 1333 1096 1429 ὄφιος
1121 1334 1175 1404 καί

58 1447 191 1544 ὄφεως,
209 1449 308 1525 πόλις
327 1447 447 1525 πόλιος
465 1447 519 1518 καί
544 1447 681 1533 πόλεως,
699 1445 772 1524 ναδς
790 1446 870 1530 νεῶς,
888 1446 970 1525 λαδς
985 1451 1076 1526 λεάς.
1127 1449 1178 1522 Εἰ

60 1561 123 1634 οὖν
147 1561 309 1657 ἐξέτειναν
328 1569 435 1636 ταῦτα
460 1561 502 1634 τδ
529 1593 548 1634 ο
575 1565 618 1639 εἰς
639 1561 683 1635 τδ
709 1593 730 1634 ιι
756 1561 930 1649 Ἀττικῶς,
948 1562 1224 1664 ήναγκάζοντοιο

19 1703 42 1744 a
59 1681 119 1751 καί
148 1678 195 1752 τδ
219 1689 419 1777 παραλῆγον
444 1683 567 1776 φωνῆεν
592 1680 635 1756 εἰς
662 1709 681 1750 z
710 1678 948 1767 μεταβάλλειν,
975 1681 1058 1777 ὅπερ
1083 1682 1176 1753 ἐστίν

62 1795 215 1868 ἄτοπον.
266 1794 322 1868 Τά
340 1793 408 1892 γδρ
425 1797 468 1872 εἰς
484 1824 524 1866 υτ
542 1802 715 1888 μονογενῆ,
731 1797 772 1872 ὡς
788 1795 923 1893 εἴρηται,
941 1793 984 1868 τά
1002 1825 1022 1866 τ
1039 1797 1173 1868 θελουσι

64 1910 260 2011 φυλάττειν
276 1912 330 1983 ἒπί
346 1919 406 1994 τῆς
422 1918 557 2004 γενικῆς.

118 2037 142 2070 “
158 2026 222 2120 Τῷ
236 2027 387 2125 βότρυϊ.”

116 2143 251 2216 ’Ῑστίον
273 2143 328 2215 ὄτι
354 2144 391 2215 οὗ
415 2153 613 2240 συναιρεῖται
640 2143 778 2216 ἐνταῦθα
802 2147 820 2226 »5
843 2143 955 2227 δοτική
974 2150 1040 2217 τῶν
1056 2147 1220 2234 ἑνικῶν,ις

66 2259 181 2344 ἐπειδή
207 2262 236 2331 εἰ
263 2263 425 2357 συνήρήτο
454 2264 594 2342 ἤμελλεν
623 2262 666 2336 εἰς
685 2260 745 2343 τήν
770 2289 803 2330 τι
830 2257 1024 2357 δίφθογγον
1046 2263 1173 2352 λήγειν,

67 2376 155 2472 ὄπερ
184 2375 276 2448 ἐστὶν
304 2373 472 2447 άδόνατον.
523 2373 697 2448 Οὐδέποτε
726 2372 794 2474 γάρ
820 2379 838 2458 »5
864 2407 897 2447 ἰι
923 2375 1116 2473 δίφθογγος
1140 2376 1173 2448 ἕν

67 2493 160 2566 τάλα
179 2489 294 2587 λέξεως
310 2492 501 2588 εὑρίσκεται,
519 2487 588 2562 οίον
603 2503 692 2580 μυῖα,
710 2491 844 2590 άρπυια,
861 2492 937 2570 υἱός.

120 2617 142 2649 “
154 2604 225 2678 Τδν
240 2605 398 2704 βότρυν.”

112 2721 237 2818 ’Ἄξιον
261 2723 335 2796 ε’στί
363 2718 514 2820 ζητῆσαι,
541 2720 593 2794 διά
623 2724 721 2794 τοίαν
747 2725 854 2795 αἰτίαν
880 2725 917 2794 οδ
945 2725 1105 2815 λέγονται
1137 2725 1173 2793 αἰ
1182 2757 1220 2797 20

71 2839 249 2912 αἰτιατικαί
273 2843 339 2911 τῶν
364 2839 406 2914 εἰς
429 2865 468 2908 υτ
491 2835 597 2936 διχῶς,
620 2839 689 2910 οἷον
713 2837 774 2911 τὸν
800 2839 930 2936 βότρυα
955 2839 1007 2908 καί
1033 2837 1170 2934 βότρυν,

73 2957 150 3028 ἀλλ’
167 2959 209 3034 εἰς
226 2985 248 3026 τι
270 2954 381 3038 μόνως,
400 2951 469 3025 οἰον
491 2950 551 3025 τδν
574 2955 710 3052 βότρυν.
753 2951 883 3025 Ἔστιν
909 2951 963 3024 οθν
987 2956 1097 3038 εἰπεῖν,
1115 2953 1170 3026 ὄτι

75 3075 167 3142 πᾶσα
192 3070 298 3165 γενικῆ
324 3071 367 3146 εἰς
390 3098 429 3140 02
455 3067 597 3166 καθαρδν
621 3073 786 3161 λήγουσα,
809 3067 948 3167 διχρόνῳ
974 3080 1172 3167 παραλήγο-

76 3187 159 3271 μίνη,
176 3189 218 3264 εἰς
235 3215 257 3257 τι
278 3185 381 3270 μόνως
402 3184 470 3282 ἔχει
493 3184 553 3266 τῆν
570 3186 762 3273 αἰτιατικὴν,
779 3185 848 3256 οἷον
866 3187 944 3285 ὄφις
965 3188 1063 3285 ὄφιος
1080 3167 1187 3286 ὄφιν,Ι

75 3301 185 3388 μάντις
207 3299 343 3386 μάντιος
366 3297 494 3384 μάντιν,
518 3299 616 3376 πόλις
639 3300 757 3378 πόλιος
784 3301 896 3374 πάλιν.
948 3301 1086 3386 Ἐπιιδῆ
1117 3301 1216 3394 015v25

77 3419 126 3490 καί
149 3416 191 3490 τὰ
217 3421 259 3496 εἰς
281 3447 321 3489 υτ
344 3424 505 3508 μονογενῆ
526 3415 640 3513 ἔχουσι
665 3416 725 3499 τῆν
748 3417 873 3509 γενικήν
896 3419 938 3492 εἰς
955 3445 995 3486 ον
1015 3413 1169 3512 καθαρδν,

78 3533 209 3632 διχράνιρ
232 3531 505 3632 παραληγόμενα,
522 3527 592 3602 οἰον
614 3527 773 3629 στάχυος,
790 3532 944 3627 βότρυος,
963 3530 1077 3616 νίκυος,
1093 3531 1170 3600 τοιί-

78 3679 135 3722 του
154 3645 249 3746 χάριν
269 3651 312 3726 εἰς
333 3678 353 3720 ιι
376 3645 479 3732 μόνως
503 3648 617 3744 ἔχουσι
642 3648 703 3731 τήν
728 3649 919 3731 αἰτιατικὴν,
940 3646 1010 3717 οἷον
1032 3646 1168 3744 βότρυν,

80 3761 207 3862 στάχυν,
225 3764 319 3836 νίκυν.
370 3763 594 3848 Σεσημείωται
617 3766 695 3861 παρ’
714 3763 905 3861 Ειίφορίωνι
929 3759 1024 3857 άπαξ
1045 3762 1169 3861 εὑρεθὲν

80 3893 99 3924 “
113 3879 168 3953 τόν
190 3881 350 3979 βότρυα,”
366 3880 418 3951 καί
444 3877 536 3976 παρὰ
560 3879 730 3969 Διονυσίῳ,
748 3881 804 3950 οιίκ
828 3879 861 3950 ἐν
884 3887 927 3975 τῆ
952 3880 1166 3978 Περιηγήσει,
1176 3916 1216 3974 30

80 3997 148 4069 ἁλλ’
165 3997 196 4067 ἕν
212 3997 311 4093 ἑτέρῳ
328 3997 428 4068 αὐτοῦ
444 3999 616 4078 ποιήματι,
635 4005 655 4036 “
667 3992 729 4066 τδν
746 3993 853 4091 δρόα.”

126 4111 189 4182 “Ὠ
205 4111 341 4211 βάτρυ.”
385 4111 542 4208 Εἴρηται.

126 4239 144 4269 “
154 4226 208 4298 Τά
226 4228 379 4325 βότρυε.”

119 4343 232 4440 ’Ἄξιον
260 4346 334 4416 ἐστί
368 4343 520 4445 ζητῆσαι,
551 4344 651 4430 διατί,
675 4343 790 4442 ῶσπερ
818 4345 861 4418 τὸ
887 4345 1011 4441 βότρυς
1040 4344 1166 4436 γίνεται

85 4457 159 4532 κατὰ
177 4464 290 4557 κρᾶσιν
315 4467 376 4532 τοῦ
396 4492 415 4532 π
438 4463 490 4532 καί
514 4463 595 4537 κείς
614 4491 633 4530 τ
655 4459 779 4556 μακρὸν
801 4461 852 4532 καί
880 4462 1004 4552 γίνεται
1031 4461 1189 4555 βότρυς,3
1195 4495 1211 4553 5

573 4595 595 4636 ιι
612 4573 668 4638 h2
