2982 5022
419 345 485 406 m
507 345 563 406 ΤΟ
585 345 878 406 ΟΝΟΜΑΤΙΚΟΝ.
900 374 904 388 ·
1154 359 1194 426 31

94 519 138 604 τῷ
153 514 263 584 κανόνι
282 525 303 556 “
313 514 358 596 μὴ
370 512 456 586 κατά
469 515 638 598 ποιητικὴν
651 511 759 585 άδειαν
772 513 888 597 ὅντα,”
904 510 1012 594 ἐπειδὴ
1024 509 1117 609 παρὰ
1126 521 1199 591 τοῖς

95 639 245 712 ποιηταῖς
262 627 379 700 πολλά
396 629 581 726 εόρίσκομεν
603 637 754 715 τοιαῦτα,
772 625 884 702 πάντα
906 629 1030 726 ἔχοντα
1053 633 1117 699 τοῦ
1141 657 1199 700 κα-

94 745 180 822 νόνος
196 745 253 816 καί
270 741 504 832 ι’σοο-υλλάβος
523 745 688 828 κλιθέντα,
705 744 775 817 οἷον
791 746 810 814 ὁ
827 743 913 822 Αἴας
929 749 991 817 τοῦ
1007 743 1197 828 Αίαντος,ὁ

95 861 201 956 Δρύας
218 867 283 932 ποῦ
300 861 478 958 Δρύαντος,
494 860 548 931 καί
565 862 584 930 ὁ
602 860 692 938 Θόας
708 867 770 932 τοῦ
787 860 946 937 θύοντος.
990 858 1060 930 Καί
1077 859 1198 954 λόγου·

93 1008 143 1048 σιν
159 979 196 1048 αι’
217 977 356 1060 ποιηταί
381 973 545 1054 πολλάκις
566 975 690 1054 ὁΑίας
714 982 776 1048 τοῦ
792 974 873 1058 Α’ία,
890 975 943 1046 καί
965 977 984 1046 ὁ
1003 976 1111 1072 Δρύας
1135 981 1223 1053 πού5

94 1093 195 1190 Δρύα,
222 1093 277 1164 καί
305 1091 432 1168 ὁθόας
453 1097 515 1164 τοῦ
541 1090 626 1162 θόα.
666 1091 714 1163 Οἱ
738 1089 807 1190 γάρ
832 1091 968 1174 ποιηταί
989 1091 1099 1188 με’πριρ
1124 1089 1197 1163 θου-

93 1209 254 1295 λεύοντες,
272 1204 435 1285 πολλάκις
452 1204 504 1279 διά
514 1208 574 1291 τὴν
586 1204 728 1300 ἀνάγκην
739 1212 802 1279 τοῦ
820 1205 944 1304 μέτρου
952 1207 1195 1305 παραβαίνουσι

93 1321 151 1396 τάν
166 1324 299 1396 κανόνα.

140 1437 197 1510 Τά
216 1441 262 1518 εἷς
284 1469 326 1512 ιτ
345 1438 488 1537 καθαράν
509 1438 591 1538 ὑπὲρ
620 1437 675 1512 δύο
699 1437 875 1528 συλλαβάς
896 1443 993 1512 α’πλᾶ
1015 1441 1196 1539 βαρύτονά,
1271 1511 1273 1520 ,

92 1555 134 1638 a»)
150 1555 236 1627 ὅντα
254 1553 361 1628 ε’θνικᾶ
378 1553 446 1626 ιἰπά
470 1561 532 1628 τοῦ
555 1586 577 1627 u
601 1555 780 1653 ἆρχύμενα,
798 1557 840 1633 είς
865 1556 924 1638 τὴν
948 1587 986 1628 οτ
1003 1554 1243 1656 δίφθογγονιο

92 1671 205 1767 ἔχουσι
222 1670 285 1753 τὴν
302 1671 436 1764 γενικὴν,
454 1668 523 1743 οἷον
539 1673 677 1769 κοχλίας
692 1671 839 1768 κοχλίου,
854 1667 1013 1769 Ἑρμείας
1027 1672 1196 1771 Ἑρμείου,

93 1785 221 1884 Βορέας
249 1786 389 1884 Βορέου,
415 1787 621 1886 Δρακοντίας
643 1787 859 1886 Δρακονπίου,
885 1785 1056 1886 Ταραξίας
1081 1789 1197 1888 Ταρα-

93 1900 169 1996 ξίου,
201 1901 403 2000 Τραμαπίας
428 1901 636 2002 Τραματίου,
661 1902 831 2000 Ζαχαρίας
863 1902 1044 2003 Ζαχαρίου,
1072 1902 1196 1986 Ἠλίας

94 2017 227 2092 Ἠλίου.
273 2015 480 2116 Πρόσκειται
497 2019 530 2090 ἐν
542 2024 591 2110 τῷ
607 2019 713 2091 κανόνι
739 2029 759 2060 “
772 2021 815 2096 είς
831 2021 901 2102 ιιι,”
924 2017 977 2091 διὰ
1004 2019 1049 2092 τά
1071 2021 1196 2120 ἔχοντα

94 2131 180 2206 ἄλλο
207 2139 345 2232 φωνῆεν,
372 2129 442 2206 οίον
465 2134 600 2232 χαρίεις,
627 2137 761 2220 τιμήεις,
792 2133 953 2233 άαφνῆεις·
995 2141 1103 2208 ταῦτα
1126 2135 1194 2236 γάρ
1208 2164 1241 2228 15

95 2249 240 2347 καθαράν
256 2251 371 2347 ἔχουσι
396 2250 456 2332 τὴν
471 2252 662 2322 τελευταίαν
678 2251 853 2340 συλλαβὴν
869 2251 921 2322 καί
938 2249 1020 2350 ὑπὲρ
1043 2250 1098 2324 θύο
1114 2261 1195 2326 αυλ-

95 2365 201 2453 λαβάς
231 2366 298 2437 εἶσί
322 2365 375 2436 καί
400 2368 497 2436 ιίπλᾶ
522 2367 573 2438 καί
599 2367 779 2464 βαρύτονα,
806 2365 891 2451 ὅμως
915 2368 971 2439 ούκ
995 2369 1127 2466 ἔχουσιν
1152 2373 1196 2448 είς

95 2481 151 2564 τὴν
168 2513 210 2554 ατ
228 2480 423 2579 δίφθογγον
438 2483 498 2566 τὴν
515 2483 651 2575 γενικὴν,
668 2484 841 2582 χαρίεντος
861 2481 930 2582 γάρ
955 2484 1008 2556 καί
1024 2489 1195 2570 τιμήεντος

96 2597 145 2666 καί
162 2596 374 2696 όαφνῆεντος,
400 2598 477 2668 ἀλλ’
496 2599 552 2669 ούκ
575 2601 668 2670 ἔστιν
684 2601 727 2676 εἷς
752 2628 803 2671 ιτ.
836 2597 1043 2696 Πρόσκειται
1062 2607 1194 2675 “καθα·

96 2709 169 2806 pa?
181 2712 238 2786 διὰ
253 2712 296 2786 τὸ
307 2710 480 2813 Ἀκράγας
491 2713 723 2811 Ἀκράγαντος
734 2715 786 2786 καί
805 2713 957 2800 Ἀθάμας
969 2714 1192 2802 Ἀθάμαντος·
1206 2747 1244 2789 20

99 2828 184 2918 (ἔστι
211 2828 248 2902 δὲ
271 2828 395 2913 τὸμὲν
421 2826 595 2927 Ἀκράγας
621 2827 725 2913 ὄνομα
750 2829 886 2913 πόλεως,
911 2829 954 2904 τά
984 2829 1020 2904 δὲ
1042 2830 1195 2916 Ἀθάμας

97 2943 197 3028 ὄνομα
224 2946 359 3042 κύριον)
384 2951 490 3017 ταῦτα
517 2942 585 3041 γάρ
602 2945 658 3016 ούκ
688 2945 803 3042 ἔχουσι
829 2944 872 3020 τά
902 2976 944 3018 ει
972 2945 1117 3045 καθαρὸν
1143 2949 1196 3020 καὶ

97 3058 417 3156 περιττοσυλλάβως
449 3062 626 3145 κλίνονται,
654 3062 830 3160 σύμφωνον
860 3060 928 3160 γάρ
953 3063 1067 3161 ἔχουσι
1095 3093 1199 3162 προη-

98 3177 263 3266 γούμενον.
305 3175 371 3248 Ἐν
397 3175 432 3250 δὲ
459 3187 532 3256 τοῖς
560 3179 793 3277 προλαβοῦσιν
821 3179 946 3278 ε’ίρηται
973 3179 1027 3252 ὅτι
1054 3180 1198 3278 καθαρόν

96 3290 166 3363 εὀτι
193 3291 240 3365 πό
269 3292 314 3377 μὴ
342 3293 421 3390 ἕχον
454 3295 630 3393 σύμφωνον
656 3294 911 3391 προηγούμενον,
942 3294 1032 3367 ἀλλὰ
1061 3301 1195 3395 φωνῆεν.
1208 3325 1244 3388 25

99 3405 235 3506 “Ύπὲρ
245 3407 300 3480 δύο
312 3407 708 3509 ανλλαβάς”πρόσκειται
722 3407 774 3481 διὰ
784 3407 828 3482 τά
842 3411 1074 3508 προλεχθὲνπα
1084 3411 1196 3484 δισυλ-

97 3525 198 3611 λαβα,
217 3520 563 3612 οίον,ΑίαςΑἰἀντος,
577 3527 629 3597 καί
645 3523 692 3597 τά
710 3525 820 3609 ὅμοια.
848 3525 1017 3596 “Ἀπλᾶ”
1038 3525 1072 3597 δὲ
1088 3525 1198 3624 πρόιτ-

98 3670 196 3714 κειπαι
215 3638 268 3714 διά
285 3639 328 3714 τά
342 3639 515 3720 Λυκοθόας
531 3643 697 3714 σύνθετον·
723 3648 828 3714 τοῦτο
846 3640 914 3739 γάρ
931 3641 991 3724 τὴν
1006 3647 1069 3713 τοῦ
1083 3647 1198 3715 άπλού

98 3757 202 3829 κλίσιν
218 3755 375 3853 ἐφύλαξε,
393 3759 480 3855 φημὶ
498 3757 535 3841 δὴ
551 3759 613 3841 τὴν
626 3758 716 3836 Θόας
730 3758 891 3834 θύοντος.
918 3768 939 3799 “
950 3757 1145 3856 Βορύτονα”
1162 3759 1198 3832 δὲ

33 3901 63 3967 43
75 3873 291 3967 ὴπρόσκειπαι
314 3869 366 3942 διὰ
387 3870 433 3944 τά
451 3871 600 3968 όξύτονα,
618 3871 698 3958 οἷον,
716 3871 767 3945 άιά
791 3871 834 3945 τά
852 3871 981 3972 ἇνθριάς
997 3873 1196 3973 ἀνδριάντος*
1206 3909 1246 3967 30

100 3993 197 4058 τοῦτο
225 3986 294 4084 γάρ
317 3984 471 4082 όξύτονον
496 3987 534 4060 όν
561 3986 613 4061 διά
633 3996 695 4062 τοῦ
724 4019 767 4061 υτ
789 3991 944 4062 κλίνεται.
988 3988 1197 4088 Πρόσκειται

101 4105 170 4186 “μὴ
186 4104 270 4174 ὅντα
283 4101 390 4175 ε’θνικά
401 4103 469 4176 άπὸ
485 4111 548 4177 τοῦ
560 4135 582 4176 n
596 4105 783 4202 άρχόμενα”
800 4103 853 4176 διὰ
870 4105 913 4178 τά
932 4105 1051 4184 Πικίας
1062 4107 1199 4180 Πικίαν·

101 4247 163 4303 τος,
177 4221 232 4292 καί
251 4219 426 4297 Πευκιτίας
443 4219 689 4306 Πευκετίαντος,
702 4227 808 4292 ταῦτα
826 4219 894 4320 γάρ
911 4217 1018 4294 ἕθνικά
1036 4226 1117 4296 εἰσιν
1129 4222 1198 4296 ἆπά

101 4341 156 4404 τοῦ
172 4367 195 4408 n
213 4337 382 4434 ἀρχόμενα
406 4337 459 4408 καί
482 4334 803 4436 περιττοσυλλάβως
827 4339 1003 4422 κλίνονται,
1024 4345 1123 4433 ἤγουν
1144 4337 1197 4412 διὰ

103 4457 159 4522 τοῦ
182 4481 236 4524 m.
280 4450 335 4524 Τὸ
351 4451 420 4554 γάρ
438 4453 575 4535 Παπίας
593 4453 730 4533 Παπίου
745 4451 814 4528 ἇπθ
831 4461 892 4528 τοῦ
910 4485 932 4528 n
949 4453 1101 4553 ἄρχεται,
1118 4455 1195 4528 ἀλλ’
1207 4471 1245 4534 35
