2958 5018
419 325 486 384 ΕΙΣ
507 322 564 384 ΤΟ
586 324 878 386 ΟΝΟΜΑΤΙΚΟΝ.
1121 334 1198 402 ¹299

52 491 231 570 εἰκότως
248 491 302 564 οδν
317 493 358 571 ῶς
380 490 563 587 διαλλάξαν
579 492 664 566 κατὰ
689 499 793 565 τοῦτο
813 491 897 589 πρὸς
921 490 965 566 τὰ
991 489 1082 564 ἄλλα
1108 521 1200 588 περι-

57 609 266 693 ardum,
292 606 449 703 διήλλαξε
472 609 525 681 καί
555 608 630 706 περὶ
659 610 719 692 τήν
744 609 862 680 κλίσιν.
905 605 992 680 ΙΈτι
1014 605 1059 680 πίι
1084 611 1127 686 εἰς
1152 637 1197 680 nu
1238 653 1253 668 ·

56 725 329 818 τερισπιίιμενα
358 722 516 796 οὐδέποτε
544 724 692 816 γίνονται
721 721 814 821 παρὰ
843 733 916 800 ταῖς
945 721 1126 801 διαλέκτοις
1155 725 1198 800 εἰς

67 862 151 908 ΑΝ·
182 835 226 910 τὸ
245 837 279 910 δέ
297 839 468 912 Ποσειδῶν
485 840 612 932 γίνεται
636 837 727 938 παρὰ
751 849 822 918 τοῖς
843 838 1004 912 Αἰολεῦσι
1026 840 1079 912 καί
1104 839 1197 940 παρὰ

62 963 169 1030 τοῖς
196 955 372 1052 Δωριεῦσιν
398 958 442 1034 εἰς
472 980 526 1028 ιιι·
562 958 595 1027 οἰ
623 954 681 1040 μέν
706 954 775 1054 γὰρ
801 957 935 1053 Δωριεῖς
962 953 1115 1028 Ποτιδὰν
1142 956 1221 1032 λέ-5

68 1099 216 1161 «γουσιν
238 1068 456 1165 δξντόνως,οἰ
480 1071 515 1144 δὲ
539 1071 676 1150 Αἰολεῖς
702 1070 854 1145 Ποτίδαν
873 1074 926 1144 καί
948 1073 1117 1146 Ποσείδαν
1142 1075 1197 1146 λέ-

69 1215 196 1278 γουσι
212 1187 409 1284 βαρπόνως·
436 1190 565 1266 εἰκότως
582 1185 635 1260 οδν
651 1193 691 1267 ὡς
708 1185 865 1283 διήλλαξε
889 1187 974 1261 κατὰ
991 1197 1095 1264 τοῦτο
1113 1190 1196 1288 πρὸς

66 1299 133 1370 τὰ
158 1299 250 1375 ἅλλα
267 1308 507 1401 περισπῶμενα,
525 1301 682 1399 διήλλαξε
696 1306 750 1376 καί
773 1303 847 1402 περί
870 1306 930 1388 τήν
946 1306 1063 1378 κλίσιν.
1108 1306 1194 1378 Ἔτι

68 1414 133 1488 τὰ
170 1420 214 1494 εἰς
241 1447 287 1489 nu
321 1424 551 1517 περιστῶμενα
586 1420 744 1493 οθδέποτε
776 1421 947 1506 ἆποκοπήν
981 1421 1193 1519 ἀναδέχονται

71 1531 182 1606 κατὰ
199 1535 258 1617 τήν
274 1539 466 1621 αἰτιατικὴν,
482 1535 563 1623 οῖον,
579 1536 789 1635 Ξενοφῶντα,
805 1537 1073 1636 Ἀγλαοφῶντα·
1099 1536 1142 1610 τὸ
1161 1537 1195 1610 δέ
1206 1562 1242 1602 10

75 1647 268 1722 Ποσειδῶν
293 1653 466 1736 ἀποκοπὴν
491 1653 684 1752 ἀναδέχεται
718 1653 803 1725 κατὰ
837 1655 897 1736 τήν
924 1655 1115 1735 αἰτιατικὴν,
1143 1653 1194 1726 καί

77 1767 221 1859 γίνεται
240 1766 403 1852 Ποσειδῶ,
427 1773 607 1864 [Aristoph.
626 1776 715 1842 Nub.
735 1768 807 1862 83.]

256 1894 297 1950 ἶνα
310 1896 365 1968 (νή)
380 1899 427 1951 τὸν
441 1898 561 1954 Ποσειδῶ
573 1898 676 1952 τουτονὶ
689 1899 735 1952 τὸν
748 1895 848 1960 ἵππιον,

78 1997 205 2094 ὥσπερ
242 1997 303 2070 τῶν
341 2001 544 2072 Ἀπόλλωνα
586 1999 647 2072 τδν
682 1999 859 2071 Ἀπόλλω·
902 2001 1032 2077 εἰκότας
1067 1999 1120 2073 οθν
1153 2005 1193 2078 ῶς

80 2112 276 2208 διαλλάξαν
288 2116 373 2189 κατὰ
390 2125 494 2188 τοῦτο
511 2117 595 2215 πρὸς
610 2116 654 2191 τὰ
673 2116 764 2188 ἄλλα
781 2119 1022 2214 περισπῶμενα,
1036 2117 1192 2212 διήλλαξε
1204 2143 1237 2204 15

80 2232 142 2302 καί
160 2231 247 2304 κατὰ
267 2233 326 2316 τήν
343 2236 461 2306 κλίσιν.

12 2357 61 2420 3⁸
138 2347 271 2419 ’Ῑπέον
288 2347 323 2420 δὲ
339 2350 393 2422 θτι
413 2349 578 2448 διαφόρως
594 2352 836 2444 έτυμολογοθσι
854 2349 897 2422 πθ
912 2349 1093 2422 Ποσειδῶν.
1146 2350 1194 2422 Οἱ

83 2463 148 2546 μέν
166 2463 235 2561 γὰρ
251 2466 408 2559 λέγουσιν
425 2467 479 2538 ὅτι
503 2465 594 2564 παρὰ
620 2465 663 2540 τὸ
689 2469 788 2544 πόσει
805 2465 900 2540 ἐνδεῖν
925 2467 1075 2560 λέγεται,
1093 2466 1192 2544 οὐδεὶς

86 2579 160 2678 γὰρ
186 2583 268 2653 πίνει
293 2583 327 2653 έκ
351 2589 413 2653 τοῦ
435 2585 621 2656 θαλαττίου
644 2583 769 2662 ὕδατος·
797 2587 830 2656 οἰ
854 2584 888 2656 δέ
908 2583 1000 2682 παρῶ
1023 2584 1066 2658 πθ
1091 2584 1190 2658 πέδον

87 2698 197 2782 σείειν,
214 2702 288 2780 ήτοι
304 2699 365 2782 τήν
382 2709 443 2793 γῆν
460 2710 562 2782 κινεῖν,
587 2701 606 2770 ὁ
630 2699 727 2778 αθτθς
753 2698 821 2796 γὰρ
846 2701 984 2792 λέγεται
1009 2701 1062 2772 καί
1084 2702 1237 2773 ένοσί-αο

88 2843 172 2905 γεως
200 2815 252 2886 καί
274 2817 462 2913 ἐνοσίχθων·
489 2819 522 2888 οἰ
550 2815 585 2888 δὲ
611 2815 703 2914 παρὰ
727 2813 771 2888 τδ
797 2815 873 2892 τοὺς
893 2813 997 2892 πόδας
1019 2814 1092 2898 δεῖν,
1113 2821 1187 2897 ήτοι

87 2929 226 3016 δεσμεῖν,
243 2933 345 3004 έκεῖσε
369 2931 439 3029 γὰρ
461 2933 653 3030 ἀφικόμενοι
674 2930 821 3032 βαδίζειν
837 2934 874 3004 οὗ
900 2928 1069 3014 δυνάμεθα*
1096 2933 1130 3002 οἰ
1154 2929 1188 3002 δέ

88 3047 180 3146 παρὰ
207 3047 251 3122 τδ
278 3050 337 3134 τήν
362 3049 463 3122 πόσιν
484 3057 533 3141 τῷ
558 3049 654 3122 θείειν
677 3045 786 3145 (διίει,)
809 3054 908 3142 ήγονν
929 3053 978 3141 τῷ
1005 3049 1095 3140 ήλίῳ,
1111 3049 1188 3120 ἁνα-

88 3167 236 3249 πέμπειν·
262 3167 296 3237 έκ
321 3175 379 3250 τῆς
404 3163 575 3250 θαλάττης
598 3165 666 3264 γὰρ
689 3166 708 3235 ὁ
731 3163 822 3249 ήλιος
838 3165 993 3249 ἀνιμᾶται
1011 3166 1071 3248 τήν
1086 3166 1187 3262 ὑγρό-

89 3311 186 3366 τητα.
239 3282 357 3354 Ταῦτα
373 3282 431 3366 μέν
447 3283 523 3380 περὶ
539 3288 601 3356 τοῦ
617 3280 799 3354 Ποσειδῶν.
1196 3301 1233 3366 25

139 3397 191 3470 Τδ
209 3398 244 3472 δί
259 3406 373 3498 τνφῶν
388 3399 441 3472 καί
456 3405 554 3482 ταῶν,
570 3397 678 3484 έπειδίη
695 3397 885 3486 δισύλλαβα
902 3397 976 3478 εἰσί,
992 3401 1058 3468 τῶν
1074 3395 1185 3468 ἄλλων

90 3515 166 3613 ὑπέρ
191 3515 246 3588 δύο
271 3514 445 3605 συλλαβὰς
469 3517 582 3601 ὄντων,
603 3513 683 3600 οἰον,
708 3513 865 3612 Ξενοφῶν
882 3512 1094 3607 Ἀγλαοφῶν
1111 3510 1186 3582 Πο-

92 3631 207 3716 σειδῶν,
224 3633 355 3712 εἰκότως
378 3636 419 3710 ῶς
443 3629 671 3726 διαλλάξαντα
695 3629 782 3702 κατὰ
806 3631 866 3713 τήν
882 3627 989 3712 ἅλλην
1005 3628 1185 3712 ποσότητα

94 3755 153 3820 τῶν
174 3751 352 3837 συλλαβῶν
377 3748 460 3846 πρὸς
484 3746 529 3820 τὰ
551 3745 642 3818 ἄλλα
666 3749 907 3845 περισπῶμενο,
933 3743 1115 3840 διήλλαξαν
1131 3747 1183 3818 καί

94 3863 171 3937 κατὰ
193 3866 252 3948 τήν
274 3867 391 3937 κλίσιν.
444 3865 513 3936 Καὶ
539 3862 656 3936 ὅτιτὸ
678 3863 793 3960 ταφῶν
809 3863 862 3933 καί
878 3867 966 3935 ταῶν
988 3863 1084 3933 ἁπλᾶ
1110 3865 1231 3946 εἰσι,30

95 3987 152 4052 τῶν
167 3979 276 4053 ἄλλων
293 3982 543 4080 περισπωμένων
559 3981 603 4065 μή
620 3980 722 4052 ὄντων
736 3983 863 4064 ἁπλῶν,
881 3979 960 4050 ἀλλ’
977 3979 995 4063 ή
1013 3981 1182 4062 συνθέτων,

95 4099 130 4176 ῶς
150 4098 192 4171 τδ
218 4103 398 4198 Δημοφῶν,
418 4098 585 4196 Ξενοφῶν,
603 4095 823 4192 Ἀγλαοφῶν,
852 4093 1049 4192 Κτησιφῶν,
1076 4093 1182 4192 (παρὰ

96 4213 156 4312 γὰρ
175 4213 219 4286 τθ
248 4221 304 4312 φῶ
328 4214 372 4287 τὸ
395 4225 552 4299 σημαῖνον
571 4212 614 4286 τθ
640 4213 790 4311 φονεύω)
809 4211 984 4292 Ἱπποκῶν,
1010 4208 1116 4306 (παρὰ
1138 4207 1182 4280 τίν

96 4336 207 4414 κτῶμαι
234 4331 303 4430 γὰρ
323 4331 512 4405 Ἰπποκτῶν
535 4332 587 4402 καί
611 4328 802 4424 Ἰπποκῶν,)
820 4325 984 4422 Δεξικρῶν
1008 4324 1113 4422 (παρὰ
1139 4323 1182 4396 τδ

97 4450 175 4544 κριίω
190 4448 233 4520 τὸ
251 4461 407 4534 σημαῖνον
423 4447 465 4520 τὸ
483 4448 650 4536 βασιλεύω
663 4446 867 4542 καί’κρατῶ,)
885 4443 903 4526 ή
921 4446 1226 4539 πορασιίνθετον,35

602 4581 694 4646 αοα
