2954 5020
426 337 493 396 ΕΙΣ
514 337 570 396 ΤΟ
592 337 886 398 ΟΝΟΜΑΤΙΚΟΝ.
1144 353 1203 418 103

95 510 167 576 τοιῖ
192 535 203 574 ι
230 507 274 582 εἰς
301 535 322 576 A
349 503 368 587 ὴ
398 507 564 589 οἰτιαπικὴ
592 503 712 590 Λητόα
740 507 793 576 καῖ
820 503 999 602 Σαπφόα;
1034 505 1088 575 καῖ
1116 505 1209 577 έστιν

98 623 214 702 εἰπεῖν,
240 617 295 691 ότι
325 619 481 704 ήΛητόα
509 621 561 692 καὶ
591 620 745 719 Σαπφόα
771 619 936 702 αἰτιατική
959 619 1089 702 ἐντελὴς
1115 619 1208 704 ούσα,

97 735 172 808 εἰπδ
205 740 273 808 τῶν
309 735 446 807 ε’ντελῶν
479 735 613 808 δοτικιῖιυ
647 735 882 838 κανονίζονται,
924 742 967 831 τῇ
1009 733 1127 821 Λητόῖ
1155 737 1208 808 καί

99 852 263 947 Σαπφόῖ,
289 849 358 922 ιἰπδ
384 850 452 948 γὰρ
482 860 541 934 τῆς
570 851 684 936 Λητοῖ
708 855 761 924 καῖ
794 853 941 951 Σαπφοῖ
965 853 1021 923 ούκ
1054 850 1209 934 ἠδύναντο

98 971 341 1050 κανονισθῆναι.
384 965 521 1050 Ἐπειδὴ
538 967 734 1064 πρόσκειται
761 968 793 1038 ἰν
814 974 864 1058 τῷ
888 967 993 1038 κανόνι
1013 979 1033 1008 “
1049 967 1131 1038 ὅταν
1147 968 1234 1064 ἔχῃς

98 1083 166 1166 τὴν
178 1082 361 1165 αἰτιατικὴν
378 1083 638 1171 ἰσοσύλλαβον,”
650 1084 710 1167 τὴν
729 1082 850 1167 Λητόα
868 1083 954 1181 φημῖ
971 1084 1023 1155 καί
1043 1084 1208 1181 Σαπφόα.

101 1201 227 1273 Ταῦτα
244 1197 303 1282 μέν
319 1200 351 1269 ἰν
366 1197 508 1276 τούτοις.

153 1316 287 1388 Ἰστέον
304 1313 338 1386 δὲ
354 1315 409 1386 ὅτι
425 1313 510 1392 τινές
526 1315 587 1398 τὴν
603 1316 786 1398 αἰτιατικὴν
805 1313 874 1386 ἆπδ
891 1323 950 1398 τῆς
967 1322 1091 1406 γενικῆς
1115 1343 1210 1385 κανο-

99 1429 229 1531 νίζουσι
252 1431 419 1524 λέγοντες,
442 1427 496 1502 ότι
517 1435 611 1503 πᾶσα
635 1431 743 1523 γενικὴ
765 1433 809 1508 εἰς
833 1459 872 1502 οι
899 1435 1064 1526 λήγουσα,
1085 1431 1210 1528 ἔχουσα

98 1547 172 1646 πρδ
188 1554 252 1620 τοῦ
276 1577 315 1618 οε
337 1547 525 1645 σύμφωνον,
541 1554 654 1644 τροπῇ
679 1553 741 1619 τοῦ
767 1577 808 1618 οι
831 1551 874 1625 ιίς
901 1577 922 1618 A
943 1548 1003 1630 τὴν
1028 1547 1258 1630 οἰτιατικὴνιο

98 1675 203 1746 ποιεῖ,
235 1663 305 1734 οἷον
331 1663 477 1740 Αῖαντος
505 1660 650 1746 Αἴαντα,
683 1660 846 1760 Λάχητος
876 1659 1036 1759 Λόχητα,
1066 1664 1212 1750 λέβητος

99 1783 250 1869 λέβητα,
267 1780 366 1878 χωρὶς
389 1784 455 1851 τῶν
475 1777 658 1876 οὐδετέρων,
675 1780 749 1850 έστι
768 1776 836 1877 γὰρ
860 1779 1000 1863 αῖματος
1024 1777 1077 1848 καῖ
1103 1779 1212 1865 βήμα-

99 1929 164 1976 τος
180 1901 200 1980 ὴ
220 1895 409 1990 γενικὴ,καί
427 1895 463 1965 ού
479 1905 569 1966 ποιεῖ
583 1901 694 1991 τροπῇ
710 1899 772 1966 τοῦ
789 1923 830 1965 02
847 1897 890 1972 εἰς
907 1925 928 1966 A
944 1895 1004 1978 τὴν
1017 1895 1209 1977 αἰτιατικὴν·

102 2013 178 2086 οὐδὲ
200 2009 270 2110 γὰρ
290 2013 432 2104 λέγομεν
457 2008 593 2105 ἅρματα
615 2010 669 2081 καῖ
691 2011 830 2097 βήματα
855 2011 916 2095 τὴν
941 2012 1122 2094 αἰτιατικὴν
1146 2016 1211 2082 τῶν

103 2132 224 2214 ἑνικῶν,
246 2129 325 2198 ἀλλ’
347 2127 437 2224 ἅρμα
462 2127 514 2197 καῖ
540 2127 634 2214 βῆμα
659 2126 839 2224 ὁμοφώνως
864 2134 908 2222 τῇ
933 2129 1045 2220 εύθεῖᾳ·
1072 2123 1117 2198 πίι
1142 2125 1210 2224 γδιρ
1223 2149 1257 2212 15

105 2245 262 2342 ούδέτερο
274 2245 334 2327 τὴν
350 2245 448 2326 αύτὴυ
467 2245 599 2340 ἔχουσιν
621 2244 795 2342 ὀρθὴνκαί
819 2245 1001 2326 αἰτιατικὴν
1023 2244 1076 2314 καῖ
1098 2251 1213 2327 κλητι-

104 2363 173 2446 κὴν,
190 2360 261 2432 οῖον
272 2358 315 2432 τό
332 2359 408 2444 μέλι
430 2365 493 2430 τοῦ
512 2359 650 2442 μέλιτος
666 2367 714 2452 τῷ
738 2359 850 2444 μέλιτι
872 2358 916 2432 τὸ
929 2359 1005 2444 μέλι
1024 2359 1050 2432 ιδ
1064 2360 1151 2444 μέλι,
1168 2359 1211 2432 τό

106 2477 239 2576 δένδρον
263 2482 324 2548 τοῦ
350 2473 479 2571 δένδρου
502 2481 551 2567 τῷ
578 2473 695 2573 δένδρῳ
719 2473 761 2548 τό
785 2475 915 2575 δένδρον
939 2476 967 2547 οῖ
993 2475 1133 2576 δένδρον,
1159 2475 1211 2548 καῖ

107 2595 207 2691 χωρῖς
230 2598 296 2664 τῶν
312 2592 536 2674 πεπονθότων,
552 2589 771 2669 ’Λπόλλωνος
791 2590 860 2690 γίιρ
884 2593 937 2665 καί
963 2593 1170 2672 Ποσειδῶνος
1193 2599 1211 2676 ή

108 2711 298 2802 γενικὴ,καί
325 2711 451 2804 γίνεται
473 2714 491 2792 ή
512 2711 677 2793 αἰτιατικὴ
702 2709 763 2782 τδν
784 2711 951 2782 Ἀπόλλω
973 2715 1025 2783 καί
1051 2712 1112 2785 τὸν
1136 2713 1259 2784 Ilo-20

108 2825 218 2910 σειδῶ,
234 2824 320 2898 κατὰ
338 2826 509 2908 ἀποκοπὴν
525 2833 583 2907 τῆς
602 2855 645 2896 uA
662 2828 845 2914 συλλαβῆς.
875 2827 1044 2898 Λεῖκνυται
1082 2826 1210 2904 ὲοιῖτος

108 2945 126 3012 ὁ
143 2944 252 3037 λόγος
268 2941 321 3014 ὅτι
339 2943 376 3012 ού
392 2938 523 3018 πόντων
541 2941 697 3025 ἀληθεύει.
740 2942 810 3013 Καὶ
838 2939 906 3040 γὰρ
924 2943 989 3015 εἰσί
1014 2974 1088 3015 τινα
1113 2945 1156 3020 εἰς
1178 2973 1210 3014 12

109 3061 341 3158 περισπιύμιυα
369 3055 501 3142 θηλυκὰ,
528 3055 614 3139 μετὰ
644 3059 821 3156 συμφώνου
846 3060 968 3156 έχοντα
999 3059 1059 3142 τὴν
1086 3061 1211 3154 γενικὴν

109 3179 151 3252 εἰς
177 3207 231 3260 ox,
251 3175 304 3246 καῖ
328 3175 442 3272 ἔχουσι
462 3174 524 3256 τὴν
546 3174 728 3257 αἰτιατικὴν
753 3176 796 3250 εἰς
822 3203 843 3245 ιι
864 3174 917 3244 καῖ
943 3176 998 3245 ούκ
1022 3177 1064 3251 εἰς
1087 3205 1118 3258 A,
1143 3175 1211 3245 οἷον

111 3290 234 3367 Μευδῖς
256 3289 416 3367 Μευδῖδος
439 3287 576 3360 Μενδῖδι
603 3287 735 3372 Μενδῖν,
762 3289 877 3367 Μολῖς
902 3289 1054 3368 Μολῖδος
1080 3290 1209 3362 Μολῖδι
1223 3311 1257 3373 25

111 3409 238 3490 Μολῖν,
258 3409 424 3504 Ἀταρτῖς
444 3405 649 3503 Ἀταρτῖδος
672 3406 849 3505 ’Λταρπῖδι
872 3407 1049 3504 ’Λταρτῖν
1093 3407 1210 3478 Ταῦτα

111 3524 143 3596 δὲ
159 3526 242 3597 ιῖσῖν
258 3523 407 3607 ὀνόματα
425 3521 581 3606 δαιμόνιον
596 3524 782 3607 τιμωμένων
797 3522 889 3621 παρὰ
908 3521 1043 3620 θραξίν.
1080 3523 1150 3592 Καὶ
1167 3520 1210 3593 τδ

111 3650 198 3725 μῆνις
218 3639 253 3712 δὲ
269 3637 398 3723 μήνιδος
415 3641 457 3715 εἰς
474 3669 495 3710 ιι
512 3641 580 3736 ἔχει
597 3641 657 3723 τὴν
670 3641 862 3723 αἰτιατικὴν,
876 3636 946 3710 οἷον
960 3645 1081 3722 “μήνιν
1095 3637 1211 3725 ἅειδε,”

46 3770 133 3848 75ιι“
144 3767 236 3842 μῆνιν
255 3756 500 3840 Ἀπόλλωνος,”
523 3755 575 3826 καῖ
603 3754 761 3828 ούδέποτε
788 3757 830 3832 εἰς
857 3788 874 3826 A
902 3753 987 3826 κατὰ
1013 3765 1143 3854 χρῆσιν,
1169 3756 1210 3835 ὥς

113 3879 215 3969 φησιν
229 3869 442 3969 Ἡρωδιανός.
480 3869 598 3942 Ταῦτα
614 3868 672 3952 μὲν
688 3871 721 3940 ἐν
736 3871 878 3950 τούτοις.
1220 3901 1258 3957 30

158 3989 289 4060 Ἰστέον
301 3986 336 4059 δί
352 3987 406 4058 ὅτι
431 3987 462 4057 ἰν
478 3992 526 4077 τῷ
543 3986 763 4082 προειρημένῳ
787 3989 892 4060 κανόνι
916 3996 964 4080 τῷ
986 3991 1136 4085 λέγοντι,
1155 3991 1208 4063 ὅτι

114 4109 238 4177 “mica
255 4103 367 4186 δοτικὴ
384 4105 488 4174 ένικῖδν
506 4105 548 4180 εἰς
572 4133 583 4173 ι
610 4102 847 4199 εἰιφωνούμενον
863 4109 1026 4198 λήγουσα,
1044 4108 1126 4178 ὅταν
1148 4108 1208 4202 ἔχῃ

113 4221 170 4302 τὴν
185 4221 369 4303 αἰτιατικὴν
383 4219 613 4306 ἰσοσύλλαβον
638 4225 748 4314 τροπή
774 4226 836 4292 τοῦ
859 4251 869 4292 ι
893 4224 936 4298 εἰς
953 4251 972 4292 A
990 4223 1050 4304 τὴν
1068 4227 1210 4294 αἰτιατι-

116 4337 166 4419 κὴν
182 4339 300 4426 ποιεῖ,”
319 4335 368 4408 δεῖ
380 4333 688 4434 παραφυλάξασθαι
706 4333 750 4408 τὰ
768 4339 973 4411 πεπονθότα.
1013 4337 1122 4410 Ἔστι
1141 4338 1209 4433 γὰρ
