2982 5022
4 337 81 426 με.
407 347 551 408 T1TT0
573 345 868 407 ουοιικτιιιου.
1141 357 1182 426 43

90 520 246 614 όστρακᾶ,
268 514 434 594 πινακιὸᾶς
454 513 614 596 πινακιὸᾶ,
637 517 785 612 λαχανᾶς
806 515 949 610 λοχανᾶ.
991 511 1186 598 Ἐπισκάιμ-

19 629 332 716 48bum3&‚010v
356 635 554 730 καταφυγάς
578 633 772 730 καταφυγᾶ,
797 629 911 708 όακνᾶς
934 629 1043 702 ὸακνιῖ.
1091 629 1185 702 Ἀπὸ

88 748 337 837 συμβεβηκότος
360 747 405 834 δὲ,
428 743 497 818 οίον
521 747 643 845 τρίσας
666 747 821 843 τρίσα,ό
844 743 959 824 όειλός.
1012 744 1061 816 Εί
1083 744 1117 817 δὲ
1141 746 1185 829 μὴ

88 867 183 944 ούτιυς
204 867 322 962 ἔχοιεν,
346 859 664 959 περιττοσυλλάβως
689 863 867 944 κλίνονται,
888 857 957 933 οἷον
973 864 1111 938 πελεκιῖς
1128 893 1186 932 πε-

86 980 251 1065 λεκάντος,
282 983 356 1058 ἶλᾶς
385 976 529 1061 ι’λάντος,
561 978 721 1068 (σημαίνει
752 976 786 1048 ὸὲ
818 975 879 1049 τὸν
909 979 1043 1074 εύμενῆ,)
1078 979 1211 1057 ἆλλᾶς5

86 1095 264 1182 άλλόντος,
291 1097 389 1193 χωρίς
418 1101 478 1167 τοῦ
507 1096 661 1186 άτταγᾶς
689 1094 838 1187 ἆτταγᾶ·
878 1101 981 1166 τοῦτο
1011 1093 1078 1193 γὰρ
1114 1099 1186 1168 ίσο-

86 1211 263 1300 συλλάβιυς
292 1213 449 1296 κλίνεται,
482 1210 650 1304 (ἀτταγᾶς
680 1208 716 1280 ὸέ
743 1211 817 1281 ἔστι
847 1209 890 1282 τὸ
917 1209 1183 1308 ἆτταγινόριον.)

85 1327 309 1412 Σεσημείιιται
335 1329 368 1397 ἐν
390 1337 462 1404 τοῖς
483 1326 600 1424 κυρίοις
620 1324 662 1397 τὸ
682 1325 808 1403 Γλίσας
825 1326 1011 1402 Γλίσαντος
1027 1358 1186 1424 περιττο-

85 1443 261 1533 συλλάβως
278 1443 398 1514 κλιθέν.
441 1441 553 1514 Ἔστι
571 1439 605 1512 όὲ
625 1442 728 1526 ὄνομα
745 1441 880 1519 πόλεως.

131 1561 188 1632 Τὸ
213 1563 258 1638 είς
282 1589 325 1630 nx
349 1559 602 1646 μονοσύλλαβα,
620 1557 674 1629 ε’ὸν
698 1557 756 1642 μὲν
773 1565 1009 1655 περισπῶνται,
1027 1559 1187 1653 ἆποβολῇ
1200 1581 1234 1621 ¹0

83 1685 140 1749 τοῦ
158 1707 177 1749 ε
195 1675 408 1756 ποιούσιτην
422 1674 556 1767 γενικὴν,
570 1673 640 1744 οἷον
657 1675 675 1744 ὁ
695 1675 784 1772 Δρῆς
800 1680 861 1746 τοῦ
879 1676 964 1771 Δρῆ,
981 1676 999 1744 ὁ
1019 1673 1109 1770 Τρῆς
1125 1680 1187 1745 τοῦ

84 1793 168 1890 Τρῆ.
224 1789 343 1862 Ταῦτα
361 1787 395 1860 δὲ
412 1789 614 1886 παραλόγως
635 1790 748 1885 ἔχουσι
766 1790 826 1872 τὸν
843 1791 968 1882 γενικὴν
985 1793 1027 1866 εἰς
1046 1819 1068 1860 υ
1086 1820 1187 1860 κατα-

83 1913 265 2001 ληγουσαν,
293 1905 450 1978 ούὸὲποτε
479 1902 548 2003 γάρ
576 1906 757 2002 εὑρίσκεται
788 1906 894 1997 γενικὴ
925 1909 967 1983 είς
993 1935 1014 1976 u
1040 1910 1187 1988 καταλή-

85 2055 192 2116 γουσα
220 2027 250 2094 εί
272 2025 316 2106 μὴ
341 2023 395 2093 ε’πῖ
420 2024 545 2093 τούτων
570 2027 635 2092 τῶν
660 2020 725 2104 δύο,
752 2022 814 2092 εἰσὶ
841 2021 875 2092 δὲ
901 2029 1009 2093 ταῦτα
1036 2023 1185 2106 ὀνόματα

84 2141 185 2236 κύρια.
239 2135 324 2209 Ἐάν
342 2137 376 2208 δὲ
396 2136 578 2232 όξύνιυνται,
598 2135 649 2208 διὰ
672 2143 734 2208 τοῦ
754 2165 816 2207 τον
836 2137 1014 2220 κλίνονται,
1032 2133 1100 2206 οἷον
1118 2144 1186 2219 σῆς,
1199 2164 1232 2223 15

85 2254 197 2338 σητὸς,
214 2255 303 2344 (ἔστι
322 2253 357 2324 δὲ
373 2251 455 2331 είὸος
471 2257 661 2348 σκώληκος)
680 2252 772 2349 Κρὴς
790 2250 939 2349 Κρητὸς,
957 2251 989 2342 (ὁ
1007 2251 1076 2322 ἀπὸ
1094 2252 1188 2344 Κρῆ·

83 2377 166 2466 της,)
182 2372 240 2452 θὴς
253 2368 363 2454 θητὸς,
377 2370 535 2460 (σημαίνει
550 2366 584 2439 ὸέ
599 2366 659 2440 τὸν
675 2370 834 2464 μίσθιον,)
849 2369 930 2452 Γνῆς
943 2368 1076 2452 Γυητὸς,
1092 2369 1188 2461 (Γνη-

85 2519 137 2564 τες
154 2487 190 2558 δὲ
207 2487 366 2578 λέγονται
385 2489 418 2556 οἱ
431 2485 569 2568 Ῥόδιοι,
587 2486 639 2555 καί
651 2485 805 2578 Ἴγνητες
822 2489 855 2556 οἱ
871 2490 1000 2577 γνήσιοι
1016 2485 1170 2576 Ῥόδιοι.)

134 2602 192 2673 Τὸ
211 2605 254 2678 είς
272 2632 315 2672 uz
332 2603 501 2698 βαρύκουα
520 2599 656 2689 ιὀμβικὸ
681 2601 725 2684 μὴ
748 2603 871 2697 ἔχοντα
897 2603 948 2672 ἐπ’
966 2603 1085 2679 εὐθείας
1104 2601 1147 2673 τὸ
1168 2633 1187 2672 T

83 2715 133 2788 διὸ
156 2723 221 2789 τοῦ
244 2747 305 2788 ToT
322 2718 497 2798 κλίνονται,
516 2714 584 2788 οἷον
601 2718 702 2803 λέβης
718 2717 873 2804 λέβητος,
891 2715 1002 2813 Δάρης
1020 2715 1186 2815 Δάρητος,
1199 2747 1235 2786 20

82 2835 178 2917 πίνης
200 2833 348 2914 πένητος,
366 2831 473 2915 τάπης
494 2829 656 2917 τάπητος.
708 2835 809 2904 Δοκεῖ
830 2832 864 2904 ὸὲ
889 2834 1112 2904 ἐναντιοῦσθαι
1138 2837 1187 2924 τῷ

82 2951 190 3021 κανόνι
223 2947 265 3020 τὸ
292 2949 425 3030 Σκύθης,
451 2947 505 3018 ότι
529 2951 716 3046 βαρύτουον
741 2951 792 3020 καί
820 2948 972 3038 ιάμβικὸν
995 2951 1039 3034 μὴ
1064 2951 1187 3047 ἔχοντα

83 3067 134 3134 ἔπ’
151 3065 274 3140 εὐθείας
289 3062 331 3135 τὸ
349 3094 368 3134 T
386 3062 437 3134 διὸ
459 3070 521 3135 τού
541 3095 602 3134 Toz
625 3063 749 3161 ὤφειλε
768 3065 945 3148 κλίνεσθαι,
964 3071 1014 3136 νῦν
1051 3065 1129 3144 ὲείς
1149 3098 1188 3138 oT

82 3183 143 3264 τὴν
160 3181 297 3274 γενικὴν,
316 3179 443 3252 Σκύθου
460 3177 528 3277 γάρ
545 3179 665 3278 φαμέν·
693 3181 745 3250 καί
767 3181 924 3274 λέγουσιν
945 3181 1000 3255 ότι
1019 3184 1135 3267 σκύτης
1152 3184 1188 3265 ἦν

82 3297 135 3368 διὰ
148 3303 214 3368 τοῦ
230 3326 259 3377 τ,
273 3296 325 3366 καί
342 3297 483 3390 εύλόγως
499 3297 577 3392 ἕχον
589 3295 632 3367 τὸ
646 3326 666 3367 T
679 3297 799 3368 σκότου
817 3295 1051 3386 ι’σοσυλλόβιυς
1066 3300 1188 3382 ε’κλίθη,
1199 3323 1234 3383 25

82 3410 221 3510 τρέψας
239 3409 274 3481 δὲ
292 3409 334 3481 τὸ
352 3441 372 3481 T
388 3414 430 3488 είς
448 3443 478 3494 ε,
497 3412 550 3482 ε’πί
572 3411 633 3482 τὸν
649 3413 766 3483 κανόνα
784 3411 960 3510 ἐφυλάχθη
977 3413 1038 3484 τὸν
1055 3417 1096 3489 είς
1113 3442 1188 3484 τινε.

75 3526 209 3599 Ἀλλοι
230 3527 266 3598 δέ
281 3532 398 3625 φασιν,
415 3527 468 3598 ότι
494 3531 619 3619 θηλυκῷ
634 3529 740 3600 κανόνι
760 3530 985 3611 ἠκολούθησεν,
1004 3529 1189 3625 εὑρίσκομεν

84 3643 153 3742 γάρ
177 3645 233 3714 ότι
260 3639 371 3712 πάντα
394 3639 437 3712 τὸ
461 3645 504 3719 είς
527 3672 593 3713 eux
616 3645 760 3715 καθόλου
777 3647 820 3721 είς
840 3675 878 3715 oT
894 3645 1007 3740 ἔχουσι
1028 3644 1088 3726 τὸν
1105 3673 1191 3738 γενι-

83 3760 148 3840 κὴν,
167 3756 238 3828 οἷον
252 3755 408 3838 Λαπίθης
423 3755 589 3840 Λαπίθου,
608 3759 660 3828 καί
678 3757 723 3830 τά
741 3766 891 3831 τοιαῦτα.
925 3758 978 3831 Τὸ
995 3757 1048 3831 ούυ
1067 3761 1190 3844 Σκύθης

84 3876 194 3963 τούτῳ
219 3879 271 3962 τῷ
293 3872 400 3942 κανόνι
425 3874 636 3956 ἠκολούθησε.
689 3873 784 3950 Τινὲς
802 3874 836 3944 δὲ
859 3882 1064 3958 σημειοῦνται
1088 3879 1121 3947 ἐν
1142 3883 1237 3968 τῷ3ο

85 3991 228 4087 παρόντι
257 3987 364 4058 κανόνι
394 3989 445 4058 καί
473 3987 515 4060 τὸ
542 3990 637 4073 μύυης
663 3991 769 4072 μύνου,
798 3990 851 4061 ὅτι
882 3991 947 4059 ὅλα
977 3992 1100 4087 ἔχοντα
1129 3999 1191 4062 τοῦ

86 4107 227 4186 κανόνος,
245 4105 289 4181 είς
305 4131 367 4173 Toz
383 4103 524 4200 ὤφειλεν
541 4105 629 4188 εἶναι,
648 4107 701 4178 ὅτι
727 4105 881 4194 ιάμβικόν
904 4108 977 4178 ἐστι
1001 4108 1053 4176 καὶ
1077 4109 1191 4204 βραχύ

87 4222 155 4315 ἔχει
172 4219 215 4292 τὸ
232 4251 262 4300 τ,
279 4222 331 4290 καὶ
349 4219 392 4291 τὸ
410 4221 507 4305 πύὸης
525 4221 626 4292 πύὸου
650 4223 702 4292 καί
728 4223 804 4315 γύης
827 4224 917 4315 γύου.
1007 4223 1040 4293 αὶ
1066 4221 1108 4293 τὸ
1133 4225 1191 4306 μὲν

87 4335 186 4417 τύὸης
206 4335 308 4407 τύόου
332 4337 386 4407 ότι
411 4337 496 4410 ποτὲ
516 4337 575 4420 μὲν
592 4335 757 4426 ἰαμβικὸν,
773 4337 860 4410 ποτὲ
877 4337 910 4409 δὲ
927 4337 1135 4424 σπονόιακὸν,
1152 4342 1192 4415 ὡς

90 4450 182 4548 παρὸ
198 4449 407 4549 Ἀντιμάχῳ,
419 4452 473 4525 ότι
492 4453 577 4525 ὅπου
593 4455 651 4538 μὲν
663 4456 763 4554 ε’χρῆν
776 4453 857 4526 αύτὸ
871 4451 1236 4550 περιττοσυλλάβιυς35

611 4591 631 4631 G
649 4588 667 4634 2
