2972 5014
395 297 463 358 ΕΙΣ
484 295 540 358 ΤΟ
563 295 856 358 ΟΝΟΜΑΤΙΚΟΝ.
1113 311 1175 376 343

67 465 108 554 (ή
136 466 305 562 άφετηρία
330 473 390 538 τοῦ
416 465 562 564 δρόμου)
589 463 633 537 τό
659 463 728 563 γὰρ
748 463 882 560 σκώληξ
901 463 1178 562 παραληγόμενον

65 585 124 672 τῷ
159 612 180 652 α
207 583 262 653 οὖκ
291 582 466 654 ἀντίκειται
496 585 580 666 ήμῖν,
603 579 711 664 ἐπειδή
737 581 792 652 οιίκ
819 580 893 652 ἔστι
925 577 1072 663 θηλυκόν,
1099 579 1178 650 ἀλλ’

67 699 257 795 ἀρσενικόν.
296 697 434 782 Ἐπειόή
452 696 504 770 οὖν
521 695 565 770 τό
582 695 722 793 ιἰλόπηξ
738 695 874 780 θηλυκὸν
891 697 928 767 οὔ
944 699 1177 793 παραλήγεται

67 819 125 904 τῷ
147 843 178 895 ο,
197 813 326 890 εἰκότως
351 809 572 908 παραλλάξαι
589 813 621 882 έν
644 818 688 906 τῇ
712 811 814 902 ειίθείᾳ
840 807 925 881 κατὰ
951 809 1011 892 τήν
1028 813 1180 906 παραλή-

71 956 217 1018 γουσαν,
246 923 443 1023 παρήλλαξε
471 928 522 997 καί
552 929 585 998 ε’ν
612 933 656 1021 τῇ
685 931 793 1020 γενικῇ
822 923 908 996 κατὰ
937 925 999 1007 τήν
1028 929 1204 1023 παραλή-5

71 1072 217 1134 γουσαν,
234 1041 286 1112 καί
302 1039 431 1138 ἔτρεψε
446 1039 490 1112 τό
507 1070 530 1112 ει
548 1044 591 1118 είς
607 1038 650 1113 τὸ
668 1071 699 1113 ιι.
751 1041 869 1113 Ταῦτα
885 1039 943 1125 μέν
960 1043 993 1112 έν
1008 1043 1149 1118 τούτοις.

131 1156 339 1255 Πρόσκειται
365 1159 397 1227 έν
421 1162 469 1247 τῷ
495 1156 601 1228 κανόνι
620 1158 769 1227 “άτλο”ι”
794 1153 846 1227 θιά
867 1154 913 1228 τὰ
934 1158 1086 1242 σύνθετα,
1112 1154 1181 1227 οἷον

69 1271 130 1344 θιᾶ
161 1269 205 1345 τό
231 1277 249 1355 ή
273 1269 453 1370 καλλίθριξ
475 1280 533 1354 τῆς
562 1273 780 1369 καλλίτριχος
806 1275 824 1353 ἦ
847 1270 995 1366 ὁμόστιξ
1018 1280 1075 1356 τῆς
1100 1273 1181 1355 ὁμό-

72 1419 214 1484 στιχος,
230 1389 265 1478 ’(ή
288 1387 357 1471 ἅμα
373 1389 437 1459 τινί
455 1387 678 1485 πορευομένη.)
731 1385 849 1459 Ταῦτα
875 1386 909 1459 δὲ
934 1383 1023 1459 κοινά
1047 1390 1110 1460 είσι
1131 1395 1181 1479 τῷ

72 1505 177 1598 γένει,
195 1500 263 1575 οἷον
285 1504 304 1574 ό
329 1500 509 1600 καλλίθριξ
535 1503 587 1573 καί
615 1506 633 1584 ή
658 1500 845 1601 καλλίθριξ,
869 1505 888 1574 ό
913 1502 1062 1598 ὁμόστιξ
1084 1505 1137 1575 καί
1162 1508 1229 1586 ήιο

72 1616 236 1713 ὁμόστιξ,
254 1621 272 1700 ή
289 1616 496 1712 ἆυτίπ[λ]ηξ
517 1627 576 1701 τῆς
598 1618 854 1711 ἆντίπ[λ]ηγοα,
873 1617 1034 1708 (σημαίνει
1061 1618 1096 1690 δέ
1120 1621 1181 1703 τήν

72 1731 233 1822 κιβωτόν,
275 1734 327 1804 καί
368 1733 443 1804 ἔστι
485 1731 581 1831 παρὰ·
619 1733 680 1816 τήν
723 1734 796 1805 άντί
839 1733 1009 1831 πρόθεσιν,
1042 1735 1095 1805 καί
1137 1734 1180 1806 τὸ

73 1853 278 1942 π[λ]ήσσιο)
306 1852 324 1930 ή
349 1845 486 1942 ὕσπληξ
511 1857 570 1931 τής
599 1845 783 1941 ι’ίσπληγος,
816 1845 963 1942 (θοπληξ
987 1847 1021 1920 δέ
1045 1850 1138 1922 ἐστίν
1163 1855 1181 1932 ἦ

75 1966 247 2063 ἆφετηρία
263 1971 325 2036 τοῦ
342 1963 474 2062 δρόμου,
491 1964 543 2034 καί
562 1964 688 2056 γίνεται
713 1961 861 2034 ἀπὸτοῦ
877 1969 1039 2047 πλήττειν
1056 1967 1119 2036 ε’κεῖ
1139 1973 1184 2060 τῇ

74 2079 224 2172 μάστιγι
250 2087 293 2174 τῇ
320 2079 388 2152 άπὸ
411 2084 536 2176 τριχῶν
553 2081 621 2159 ὑῶν,
638 2077 797 2149 τουτέστι
823 2079 991 2174 χοίρων,ή
1014 2079 1106 2179 παρὰ
1123 2084 1182 2164 τήν
1195 2114 1228 2170 15

77 2195 145 2267 ὑπὸ
178 2197 337 2293 πρόθεσιν
367 2196 504 2290 γέγονεν
536 2193 704 2288 ὑπόπληξ,
735 2195 787 2264 καί
815 2203 984 2287 συγκοπής
1014 2199 1183 2290 γενομένης

77 2321 140 2395 τῆς
157 2342 201 2382 no
225 2313 397 2400 συλλαβῆς
420 2310 472 2381 καί
497 2307 745 2386 πλεονάσαντος
761 2315 823 2379 τοῦ
842 2339 870 2392 ε,
887 2311 1020 2402 ἐγένετο
1038 2311 1182 2406 ι’ίσπληξ,

77 2429 121 2504 ὡς
153 2427 207 2496 ε’πί
234 2433 295 2498 τοῦ
322 2426 482 2524 ὁπότερος
507 2425 670 2523 ὕστερος).
723 2425 931 2523 Πρόσκειτοι
961 2435 982 2468 “
996 2427 1077 2526 ὑπὲρ
1107 2429 1184 2512 μίαν

80 2542 273 2630 συλλαβήν”
291 2539 342 2612 θιά
369 2540 412 2613 τό
442 2539 520 2639 θρίξ
545 2539 673 2639 τριχὸς,
699 2537 782 2635 στίξ
806 2541 936 2638 στιχός·
964 2543 1124 2633 (σημαίνει
1150 2543 1184 2614 δὲ

78 2659 142 2740 τήν
158 2653 279 2752 τάξιν.)
332 2655 536 2753 Πρόσκειται
556 2668 575 2698 “
590 2652 728 2739 θηλυκᾶ”
769 2654 801 2727 ιᾶ
818 2655 861 2727 τὸ
878 2655 999 2751 τέττιξ
1012 2659 1181 2751 τέττιγος·
1195 2691 1232 2729 20

79 2777 185 2844 τοῦτο
218 2771 286 2870 γάρ
317 2769 368 2843 διὰ
402 2778 463 2844 τοῦ
490 2801 508 2842 ν
539 2771 695 2855 κλίνεται,
725 2770 803 2840 ἀλλ’
834 2773 889 2841 οὐκ
922 2773 996 2842 ἔστι
1032 2773 1181 2854 θηλυκόν.

82 2887 289 2984 Πρόσκειται
316 2897 337 2928 “
347 2887 447 2984 χωρίς
474 2891 540 2957 τῶν
570 2888 612 2963 εἷς
643 2887 713 2968 vs?
764 2883 796 2956 ιὰ
830 2884 873 2956 τό
900 2885 1002 2981 άντυξ
1029 2886 1181 2982 ἄντυγος,

83 3003 243 3092 (σημαίνει
261 3000 294 3072 δὲ
311 3001 371 3084 τήν
387 3000 624 3098 περιφέρειαν.)
676 2998 781 3094 Λέγει
799 3003 818 3070 ό
836 3001 993 3099 τεχνικός,
1012 3005 1065 3076 ότι
1084 3037 1182 3088 σεση-

82 3118 216 3201 μείωται
234 3115 277 3188 τὸ
293 3113 409 3210 λάταξ
422 3113 585 3208 λάταγας,
603 3116 655 3186 καί
672 3111 804 3210 μάστιξ
818 3113 996 3212 μάστιγος,
1015 3118 1066 3190 διὰ
1084 3126 1146 3192 τοῦ
1164 3151 1181 3190 ν

82 3232 247 3304 κλιθέντα.
299 3231 369 3302 Καί
388 3231 499 3303 ίστέον
517 3231 571 3302 ὅτι
589 3229 632 3302 τὸ
648 3227 763 3324 λάταξ
778 3233 815 3301 οό
837 3239 942 3310 καλῶς
959 3235 1182 3316 ε’σημειιίσατο
1195 3267 1229 3324 25

83 3350 222 3420 ἐνταῦθα
246 3350 265 3419 ὁ
288 3347 446 3444 τεχνικός·
472 3347 627 3419 σύνθετον
644 3343 712 3443 γάρ
734 3347 826 3418 ε’στιν
843 3347 911 3418 άπὸ
928 3355 989 3418 τοῦ
1007 3377 1049 3418 ιιι
1068 3350 1184 3419 ἐπιτα-

82 3469 175 3536 τικοῦ
197 3463 314 3562 μορίου
332 3463 386 3533 καί
402 3468 465 3534 τοῦ
481 3459 606 3560 στάζον,
624 3461 719 3532 οἱονεί
745 3459 893 3556 λάσταξ,
911 3462 962 3532 καί
988 3461 1074 3532 κατὰ
1098 3463 1184 3534 ἀπο·

84 3579 190 3668 βολήν
215 3585 277 3650 τοῦ
304 3609 322 3650 τ
351 3574 473 3672 λάταξ,
504 3578 648 3660 σημαίνει
680 3575 714 3646 δὲ
747 3577 806 3659 τήν
835 3575 985 3670 μεγάλην
1019 3579 1182 3671 σταγόνα·

85 3695 239 3766 σύνθετον
268 3692 303 3765 θὲ
331 3689 369 3764 όν
396 3694 451 3764 οὗκ
475 3693 652 3764 ἀντίκειται
675 3697 724 3781 τῷ
750 3692 869 3778 κανόνι,
897 3692 1093 3790 πρόσκειται
1116 3693 1184 3792 γάρ

21 3829 66 3875 >a
86 3811 182 3900 ε’ντῷ
206 3809 312 3880 κανόνι
332 3810 491 3879 affin,
518 3805 561 3879 τὸ
588 3805 622 3877 δέ
649 3802 780 3900 μάστιξ
806 3804 975 3902 μάστιγος
1003 3807 1054 3880 θιά
1084 3816 1146 3881 τοῦ
1166 3841 1232 3906 ¹⁸30

86 3922 194 3996 κλιθὲν
209 3925 278 4020 ἔχει
303 3923 494 4016 άπολογίαν
516 3919 740 4020 ἁρμόζουσαν,
757 3922 809 3992 καί
831 3921 874 3994 τά
891 3921 1006 4020 λάταξ
1020 3923 1183 4018 λάταγας,

87 4041 141 4112 ὅτι
166 4047 275 4114 ταῦτα
301 4041 415 4136 ἔχουσι
442 4037 676 4136 παρακείμενον
700 4039 788 4132 ῥῆμα
814 4039 856 4114 εἷς
883 4035 938 4138 ζῶ,
966 4042 1052 4137 φημί
1082 4039 1117 4110 θέ
1141 4039 1184 4110 τὸ

85 4153 246 4254 μαστίζιο,
263 4155 316 4226 καί
343 4150 469 4254 στάζω.
522 4150 578 4223 Τά
603 4150 637 4223 δέ
660 4153 702 4229 είς
724 4177 744 4224 α
765 4156 928 4244 λήγοντα,
948 4155 1072 4250 ἔχοντα
1096 4157 1183 4249 ῥῆμα

89 4271 393 4368 άντιπαρακείμενον
415 4271 458 4345 είς
485 4298 538 4352 πο,
563 4266 615 4339 θιᾶ
644 4273 706 4338 τοῦ
730 4297 748 4337 1·
774 4269 929 4350 κλίνεται,
955 4265 1185 4366 οίονάρπάζω

87 4381 199 4482 ἅρπαξ
223 4382 386 4482 ἅρπαγος,
417 4380 525 4482 κράζω
552 4379 672 4480 κέκραξ
696 4383 864 4478 κέκρογος,
886 4379 1051 4480 βαστάζω
1078 4408 1231 4479 verpa-35
