<?xml version="1.0" encoding="UTF-8"?>
<!DOCTYPE html PUBLIC "-//W3C//DTD XHTML 1.0 Transitional//EN"
    "http://www.w3.org/TR/xhtml1/DTD/xhtml1-transitional.dtd">
<html xmlns="http://www.w3.org/1999/xhtml" xml:lang="en" lang="en">
 <head>
  <title>
</title>
<meta http-equiv="Content-Type" content="text/html;charset=utf-8" />
  <meta name='ocr-system' content='tesseract 3.04.00' />
  <meta name='ocr-capabilities' content='ocr_page ocr_carea ocr_par ocr_line ocrx_word'/>
</head>
<body>
  <div class='ocr_page' id='page_1' title='image "./georgiichoerobo00choegoog_0111.png"; bbox 0 0 2954 5020; ppageno 0'>
   <div class='ocr_carea' id='block_1_1' title="bbox 275 289 1467 385">
    <p class='ocr_par' dir='ltr' id='par_1_1' title="bbox 275 289 1467 385">
     <span class='ocr_line' id='line_1_1' title="bbox 275 289 1467 385; baseline -0.005 -21"><span class='ocrx_word' id='word_1_1' title='bbox 275 315 317 385; x_wconf 84' lang='lat'>70</span> <span class='ocrx_word' id='word_1_2' title='bbox 567 301 769 364; x_wconf 80' lang='grc' dir='ltr'>τυουτιινι</span> <span class='ocrx_word' id='word_1_3' title='bbox 790 299 1084 362; x_wconf 75' lang='grc' dir='ltr'>κοινοιιουιιου</span> <span class='ocrx_word' id='word_1_4' title='bbox 1393 289 1467 358; x_wconf 66' lang='grc' dir='ltr'>καὶ</span> 
     </span>
    </p>
   </div>
   <div class='ocr_carea' id='block_1_2' title="bbox 196 463 1430 3380">
    <p class='ocr_par' dir='ltr' id='par_1_2' title="bbox 271 463 1412 1262">
     <span class='ocr_line' id='line_1_2' title="bbox 272 463 1386 571; baseline -0.004 -27"><span class='ocrx_word' id='word_1_5' title='bbox 272 473 461 571; x_wconf 84' lang='grc' dir='ltr'>τριγλόχιν</span> <span class='ocrx_word' id='word_1_6' title='bbox 477 467 512 544; x_wconf 78' lang='grc' dir='ltr'>δέ</span> <span class='ocrx_word' id='word_1_7' title='bbox 527 471 666 564; x_wconf 81' lang='grc' dir='ltr'>λέγεται</span> <span class='ocrx_word' id='word_1_8' title='bbox 683 471 702 542; x_wconf 86' lang='grc' dir='ltr'>ό</span> <span class='ocrx_word' id='word_1_9' title='bbox 719 479 808 567; x_wconf 98' lang='grc' dir='ltr'>τρεῖς</span> <span class='ocrx_word' id='word_1_10' title='bbox 833 469 950 563; x_wconf 90' lang='grc' dir='ltr'>γωνίας</span> <span class='ocrx_word' id='word_1_11' title='bbox 965 463 1190 566; x_wconf 80' lang='grc' dir='ltr'>έχων··πόντα</span> <span class='ocrx_word' id='word_1_12' title='bbox 1215 465 1250 540; x_wconf 80' lang='grc' dir='ltr'>δὲ</span> <span class='ocrx_word' id='word_1_13' title='bbox 1266 497 1386 566; x_wconf 87' lang='grc' dir='ltr'>τρασ-</span> 
     </span>
     <span class='ocr_line' id='line_1_3' title="bbox 274 580 1384 682; baseline -0.005 -23"><span class='ocrx_word' id='word_1_14' title='bbox 274 588 360 660; x_wconf 81' lang='grc' dir='ltr'>θέσει</span> <span class='ocrx_word' id='word_1_15' title='bbox 395 593 458 658; x_wconf 79' lang='grc' dir='ltr'><em>τοῦ</em></span> <span class='ocrx_word' id='word_1_16' title='bbox 484 615 525 658; x_wconf 78' lang='lat' dir='ltr'>ox</span> <span class='ocrx_word' id='word_1_17' title='bbox 550 587 729 671; x_wconf 77' lang='grc' dir='ltr'>κλίνονται,</span> <span class='ocrx_word' id='word_1_18' title='bbox 754 584 808 658; x_wconf 86' lang='grc' dir='ltr'>καῖ</span> <span class='ocrx_word' id='word_1_19' title='bbox 834 590 1009 681; x_wconf 74' lang='grc' dir='ltr'>πανταχοῦ</span> <span class='ocrx_word' id='word_1_20' title='bbox 1044 580 1259 682; x_wconf 81' lang='grc' dir='ltr'>φυλάττουσι</span> <span class='ocrx_word' id='word_1_21' title='bbox 1287 581 1337 655; x_wconf 83' lang='grc' dir='ltr'>τό</span> <span class='ocrx_word' id='word_1_22' title='bbox 1371 613 1384 654; x_wconf 88' lang='lat'>1</span> 
     </span>
     <span class='ocr_line' id='line_1_4' title="bbox 271 699 1385 802; baseline -0.003 -27"><span class='ocrx_word' id='word_1_23' title='bbox 271 701 408 802; x_wconf 81' lang='grc' dir='ltr'>μακρόν,</span> <span class='ocrx_word' id='word_1_24' title='bbox 425 700 495 776; x_wconf 84' lang='grc' dir='ltr'>οῖον</span> <span class='ocrx_word' id='word_1_25' title='bbox 512 701 675 801; x_wconf 83' lang='grc' dir='ltr'>δελφῖνος,</span> <span class='ocrx_word' id='word_1_26' title='bbox 689 703 829 788; x_wconf 78' lang='grc' dir='ltr'>ἀκτῖνος,</span> <span class='ocrx_word' id='word_1_27' title='bbox 847 700 1048 786; x_wconf 86' lang='grc' dir='ltr'>Σαλαμῖνος,</span> <span class='ocrx_word' id='word_1_28' title='bbox 1070 700 1151 792; x_wconf 90' lang='grc' dir='ltr'>[καῖ]</span> <span class='ocrx_word' id='word_1_29' title='bbox 1173 699 1385 784; x_wconf 85' lang='grc' dir='ltr'>Ἐλευσῖνος,</span> 
     </span>
     <span class='ocr_line' id='line_1_5' title="bbox 272 815 1385 919; baseline -0.003 -28"><span class='ocrx_word' id='word_1_30' title='bbox 272 818 369 919; x_wconf 84' lang='grc' dir='ltr'>ῥινός,</span> <span class='ocrx_word' id='word_1_31' title='bbox 386 819 461 898; x_wconf 82' lang='grc' dir='ltr'>ι’νός·</span> <span class='ocrx_word' id='word_1_32' title='bbox 486 817 710 903; x_wconf 81' lang='grc' dir='ltr'>όικατόληκτα</span> <span class='ocrx_word' id='word_1_33' title='bbox 727 816 762 889; x_wconf 78' lang='grc' dir='ltr'>δὲ</span> <span class='ocrx_word' id='word_1_34' title='bbox 777 825 938 900; x_wconf 78' lang='grc' dir='ltr'>καλείτω,</span> <span class='ocrx_word' id='word_1_35' title='bbox 956 816 1010 888; x_wconf 85' lang='grc' dir='ltr'>ότι</span> <span class='ocrx_word' id='word_1_36' title='bbox 1028 815 1120 915; x_wconf 80' lang='grc' dir='ltr'>παρὰ</span> <span class='ocrx_word' id='word_1_37' title='bbox 1136 827 1208 895; x_wconf 92' lang='grc' dir='ltr'>τοῖς</span> <span class='ocrx_word' id='word_1_38' title='bbox 1224 819 1385 915; x_wconf 87' lang='grc' dir='ltr'>ιἰρχαίοις</span> 
     </span>
     <span class='ocr_line' id='line_1_6' title="bbox 274 931 1412 1033; baseline -0.001 -26"><span class='ocrx_word' id='word_1_39' title='bbox 274 938 317 1014; x_wconf 83' lang='grc' dir='ltr'>εἰς</span> <span class='ocrx_word' id='word_1_40' title='bbox 334 963 378 1008; x_wconf 72' lang='grc' dir='ltr'>ατ</span> <span class='ocrx_word' id='word_1_41' title='bbox 396 933 458 1030; x_wconf 79' lang='grc' dir='ltr'>(ιτ)</span> <span class='ocrx_word' id='word_1_42' title='bbox 476 940 585 1029; x_wconf 78' lang='grc' dir='ltr'>λῆγει,</span> <span class='ocrx_word' id='word_1_43' title='bbox 605 931 697 1031; x_wconf 79' lang='grc' dir='ltr'>παρὰ</span> <span class='ocrx_word' id='word_1_44' title='bbox 715 931 750 1005; x_wconf 83' lang='grc' dir='ltr'>όὲ</span> <span class='ocrx_word' id='word_1_45' title='bbox 765 943 838 1010; x_wconf 91' lang='grc' dir='ltr'>τοῖς</span> <span class='ocrx_word' id='word_1_46' title='bbox 854 931 1020 1029; x_wconf 73' lang='grc' dir='ltr'>νεωτέροις</span> <span class='ocrx_word' id='word_1_47' title='bbox 1040 933 1084 1011; x_wconf 87' lang='grc' dir='ltr'>είς</span> <span class='ocrx_word' id='word_1_48' title='bbox 1106 963 1154 1020; x_wconf 82' lang='grc' dir='ltr'>ιιι,</span> <span class='ocrx_word' id='word_1_49' title='bbox 1171 931 1241 1006; x_wconf 83' lang='grc' dir='ltr'>οῖον</span> <span class='ocrx_word' id='word_1_50' title='bbox 1258 933 1412 1033; x_wconf 84' lang='grc' dir='ltr'>όελφῖν5</span> 
     </span>
     <span class='ocr_line' id='line_1_7' title="bbox 274 1046 1380 1148; baseline 0 -26"><span class='ocrx_word' id='word_1_51' title='bbox 274 1051 326 1122; x_wconf 84' lang='grc' dir='ltr'>καί</span> <span class='ocrx_word' id='word_1_52' title='bbox 344 1050 471 1148; x_wconf 80' lang='grc' dir='ltr'>δελφίς,</span> <span class='ocrx_word' id='word_1_53' title='bbox 482 1051 535 1122; x_wconf 86' lang='grc' dir='ltr'>καῖ</span> <span class='ocrx_word' id='word_1_54' title='bbox 547 1048 593 1124; x_wconf 83' lang='grc' dir='ltr'>τά</span> <span class='ocrx_word' id='word_1_55' title='bbox 606 1050 716 1135; x_wconf 84' lang='grc' dir='ltr'>ὅμοια·</span> <span class='ocrx_word' id='word_1_56' title='bbox 733 1047 929 1146; x_wconf 82' lang='grc' dir='ltr'>πλατυτέρα</span> <span class='ocrx_word' id='word_1_57' title='bbox 946 1046 1000 1120; x_wconf 83' lang='grc' dir='ltr'>οιῖν</span> <span class='ocrx_word' id='word_1_58' title='bbox 1022 1049 1115 1122; x_wconf 81' lang='grc' dir='ltr'>ἔστιν</span> <span class='ocrx_word' id='word_1_59' title='bbox 1138 1052 1156 1134; x_wconf 76' lang='grc' dir='ltr'><em>ἦ</em></span> <span class='ocrx_word' id='word_1_60' title='bbox 1177 1052 1221 1129; x_wconf 87' lang='grc' dir='ltr'>είς</span> <span class='ocrx_word' id='word_1_61' title='bbox 1242 1079 1287 1122; x_wconf 77' lang='grc' dir='ltr'>ιιι</span> <span class='ocrx_word' id='word_1_62' title='bbox 1310 1051 1380 1142; x_wconf 72' lang='grc' dir='ltr'>[τι]</span> 
     </span>
     <span class='ocr_line' id='line_1_8' title="bbox 274 1163 463 1262; baseline 0 -24"><span class='ocrx_word' id='word_1_63' title='bbox 274 1163 463 1262; x_wconf 75' lang='grc' dir='ltr'>κατάληξις.</span> 
     </span>
    </p>

    <p class='ocr_par' dir='ltr' id='par_1_3' title="bbox 274 1279 1430 2178">
     <span class='ocr_line' id='line_1_9' title="bbox 325 1279 1385 1380; baseline -0.001 -25"><span class='ocrx_word' id='word_1_64' title='bbox 325 1282 381 1356; x_wconf 83' lang='grc' dir='ltr'>Τὰ</span> <span class='ocrx_word' id='word_1_65' title='bbox 408 1287 451 1362; x_wconf 85' lang='grc' dir='ltr'>είς</span> <span class='ocrx_word' id='word_1_66' title='bbox 477 1313 520 1356; x_wconf 81' lang='grc' dir='ltr'>ττι</span> <span class='ocrx_word' id='word_1_67' title='bbox 546 1287 699 1376; x_wconf 73' lang='grc' dir='ltr'>λήγοντα</span> <span class='ocrx_word' id='word_1_68' title='bbox 728 1281 911 1380; x_wconf 78' lang='grc' dir='ltr'>προσθέσει</span> <span class='ocrx_word' id='word_1_69' title='bbox 939 1286 1003 1354; x_wconf 85' lang='grc' dir='ltr'>τοιῖ</span> <span class='ocrx_word' id='word_1_70' title='bbox 1029 1310 1069 1352; x_wconf 74' lang='lat' dir='ltr'>oz</span> <span class='ocrx_word' id='word_1_71' title='bbox 1097 1282 1278 1366; x_wconf 87' lang='grc' dir='ltr'>κλίνονται,</span> <span class='ocrx_word' id='word_1_72' title='bbox 1309 1279 1385 1356; x_wconf 84' lang='grc' dir='ltr'>οῖον</span> 
     </span>
     <span class='ocr_line' id='line_1_10' title="bbox 275 1396 1384 1498; baseline 0 -28"><span class='ocrx_word' id='word_1_73' title='bbox 275 1398 403 1498; x_wconf 91' lang='grc' dir='ltr'>Γόρτυν</span> <span class='ocrx_word' id='word_1_74' title='bbox 428 1399 601 1498; x_wconf 88' lang='grc' dir='ltr'>Γόρτυνος,</span> <span class='ocrx_word' id='word_1_75' title='bbox 626 1397 715 1490; x_wconf 83' lang='grc' dir='ltr'>(ἔστι</span> <span class='ocrx_word' id='word_1_76' title='bbox 739 1396 773 1469; x_wconf 83' lang='grc' dir='ltr'>θὲ</span> <span class='ocrx_word' id='word_1_77' title='bbox 796 1397 900 1482; x_wconf 81' lang='grc' dir='ltr'>ὄνομα</span> <span class='ocrx_word' id='word_1_78' title='bbox 926 1396 1078 1490; x_wconf 63' lang='grc' dir='ltr'>πόλεως)</span> <span class='ocrx_word' id='word_1_79' title='bbox 1103 1397 1207 1481; x_wconf 88' lang='grc' dir='ltr'>μόσυν</span> <span class='ocrx_word' id='word_1_80' title='bbox 1225 1399 1384 1484; x_wconf 85' lang='grc' dir='ltr'>μόσυνας,</span> 
     </span>
     <span class='ocr_line' id='line_1_11' title="bbox 277 1513 1430 1612; baseline -0.009 -24"><span class='ocrx_word' id='word_1_81' title='bbox 277 1514 437 1607; x_wconf 80' lang='grc' dir='ltr'>(σημαίνει</span> <span class='ocrx_word' id='word_1_82' title='bbox 456 1515 490 1587; x_wconf 79' lang='grc' dir='ltr'>δὲ</span> <span class='ocrx_word' id='word_1_83' title='bbox 506 1513 567 1588; x_wconf 82' lang='grc' dir='ltr'>τὸν</span> <span class='ocrx_word' id='word_1_84' title='bbox 584 1513 712 1610; x_wconf 78' lang='grc' dir='ltr'>ξύλινον</span> <span class='ocrx_word' id='word_1_85' title='bbox 729 1514 884 1612; x_wconf 84' lang='grc' dir='ltr'>τίργον,)</span> <span class='ocrx_word' id='word_1_86' title='bbox 902 1513 1030 1612; x_wconf 85' lang='grc' dir='ltr'>Φόρκυν</span> <span class='ocrx_word' id='word_1_87' title='bbox 1042 1514 1218 1612; x_wconf 84' lang='grc' dir='ltr'>Φόρκυνος,</span> <span class='ocrx_word' id='word_1_88' title='bbox 1236 1517 1327 1610; x_wconf 80' lang='grc' dir='ltr'>(ἔστι</span> <span class='ocrx_word' id='word_1_89' title='bbox 1347 1514 1385 1586; x_wconf 81' lang='grc' dir='ltr'>δὲ</span> <span class='ocrx_word' id='word_1_90' title='bbox 1397 1539 1430 1580; x_wconf 88' lang='grc' dir='ltr'>ιο</span> 
     </span>
     <span class='ocr_line' id='line_1_12' title="bbox 276 1627 1384 1730; baseline -0.002 -27"><span class='ocrx_word' id='word_1_91' title='bbox 276 1631 380 1716; x_wconf 81' lang='grc' dir='ltr'>ὄνομα</span> <span class='ocrx_word' id='word_1_92' title='bbox 404 1632 536 1730; x_wconf 83' lang='grc' dir='ltr'>κόριον.)</span> <span class='ocrx_word' id='word_1_93' title='bbox 582 1627 705 1703; x_wconf 86' lang='grc' dir='ltr'>Πάντα</span> <span class='ocrx_word' id='word_1_94' title='bbox 726 1628 761 1700; x_wconf 81' lang='grc' dir='ltr'>δὲ</span> <span class='ocrx_word' id='word_1_95' title='bbox 777 1627 822 1701; x_wconf 79' lang='grc' dir='ltr'>τά</span> <span class='ocrx_word' id='word_1_96' title='bbox 840 1631 884 1706; x_wconf 88' lang='grc' dir='ltr'>εῖς</span> <span class='ocrx_word' id='word_1_97' title='bbox 908 1659 949 1700; x_wconf 77' lang='grc' dir='ltr'>τυ</span> <span class='ocrx_word' id='word_1_98' title='bbox 970 1630 1180 1727; x_wconf 79' lang='grc' dir='ltr'>βαρύνονται,</span> <span class='ocrx_word' id='word_1_99' title='bbox 1203 1629 1313 1714; x_wconf 81' lang='grc' dir='ltr'>έπιιόίη</span> <span class='ocrx_word' id='word_1_100' title='bbox 1333 1628 1384 1703; x_wconf 80' lang='grc' dir='ltr'>τά</span> 
     </span>
     <span class='ocr_line' id='line_1_13' title="bbox 275 1744 1385 1845; baseline -0.002 -26"><span class='ocrx_word' id='word_1_101' title='bbox 275 1744 392 1819; x_wconf 76' lang='grc' dir='ltr'>πολλὰ</span> <span class='ocrx_word' id='word_1_102' title='bbox 409 1745 501 1845; x_wconf 78' lang='grc' dir='ltr'>παρὰ</span> <span class='ocrx_word' id='word_1_103' title='bbox 518 1756 590 1824; x_wconf 92' lang='grc' dir='ltr'>τοῖς</span> <span class='ocrx_word' id='word_1_104' title='bbox 606 1745 787 1816; x_wconf 75' lang='grc' dir='ltr'>Αἰολεῦσιν</span> <span class='ocrx_word' id='word_1_105' title='bbox 809 1745 1024 1843; x_wconf 78' lang='grc' dir='ltr'>εὑρίσκονται,</span> <span class='ocrx_word' id='word_1_106' title='bbox 1040 1747 1093 1817; x_wconf 85' lang='grc' dir='ltr'>καῖ</span> <span class='ocrx_word' id='word_1_107' title='bbox 1116 1744 1236 1818; x_wconf 82' lang='grc' dir='ltr'>λοιπόν</span> <span class='ocrx_word' id='word_1_108' title='bbox 1258 1749 1299 1824; x_wconf 77' lang='grc' dir='ltr'>ὡς</span> <span class='ocrx_word' id='word_1_109' title='bbox 1326 1745 1385 1817; x_wconf 83' lang='grc' dir='ltr'>θο·</span> 
     </span>
     <span class='ocr_line' id='line_1_14' title="bbox 274 1858 1384 1960; baseline -0.002 -26"><span class='ocrx_word' id='word_1_110' title='bbox 274 1870 393 1934; x_wconf 82' lang='grc' dir='ltr'>κοῖντα</span> <span class='ocrx_word' id='word_1_111' title='bbox 419 1861 497 1934; x_wconf 81' lang='grc' dir='ltr'>εῖναι</span> <span class='ocrx_word' id='word_1_112' title='bbox 522 1858 669 1934; x_wconf 82' lang='grc' dir='ltr'>Αῖολικᾶ</span> <span class='ocrx_word' id='word_1_113' title='bbox 695 1859 838 1952; x_wconf 81' lang='grc' dir='ltr'>αι’λόγως</span> <span class='ocrx_word' id='word_1_114' title='bbox 862 1861 1072 1957; x_wconf 78' lang='grc' dir='ltr'>βαρύνονται,</span> <span class='ocrx_word' id='word_1_115' title='bbox 1096 1864 1130 1932; x_wconf 87' lang='grc' dir='ltr'>οῖ</span> <span class='ocrx_word' id='word_1_116' title='bbox 1148 1859 1217 1960; x_wconf 82' lang='grc' dir='ltr'>γάρ</span> <span class='ocrx_word' id='word_1_117' title='bbox 1242 1860 1384 1938; x_wconf 75' lang='grc' dir='ltr'>Αἰολεῖς</span> 
     </span>
     <span class='ocr_line' id='line_1_15' title="bbox 275 1974 1383 2078; baseline -0.002 -28"><span class='ocrx_word' id='word_1_118' title='bbox 275 1979 468 2076; x_wconf 85' lang='grc' dir='ltr'>βαρυντικοί</span> <span class='ocrx_word' id='word_1_119' title='bbox 483 1980 574 2050; x_wconf 85' lang='grc' dir='ltr'>εἰσιν·</span> <span class='ocrx_word' id='word_1_120' title='bbox 600 1974 731 2078; x_wconf 81' lang='grc' dir='ltr'>τὸγὰρ</span> <span class='ocrx_word' id='word_1_121' title='bbox 750 1975 880 2075; x_wconf 64' lang='grc' dir='ltr'>Ῑζῆλευς</span> <span class='ocrx_word' id='word_1_122' title='bbox 896 1975 1104 2076; x_wconf 81' lang='grc' dir='ltr'>καῖἈτρευς</span> <span class='ocrx_word' id='word_1_123' title='bbox 1119 1977 1257 2070; x_wconf 89' lang='grc' dir='ltr'>λέγουσι</span> <span class='ocrx_word' id='word_1_124' title='bbox 1274 1979 1383 2076; x_wconf 86' lang='grc' dir='ltr'>βαρυ-</span> 
     </span>
     <span class='ocr_line' id='line_1_16' title="bbox 275 2095 1427 2178; baseline 0.009 -10"><span class='ocrx_word' id='word_1_125' title='bbox 275 2095 387 2173; x_wconf 93' lang='grc' dir='ltr'>τόνως.</span> <span class='ocrx_word' id='word_1_126' title='bbox 1394 2117 1427 2178; x_wconf 81' lang='lat'>¹5</span> 
     </span>
    </p>

    <p class='ocr_par' dir='ltr' id='par_1_4' title="bbox 278 2208 1383 2542">
     <span class='ocr_line' id='line_1_17' title="bbox 327 2208 1379 2310; baseline 0 -28"><span class='ocrx_word' id='word_1_127' title='bbox 327 2209 384 2282; x_wconf 84' lang='grc' dir='ltr'>Τὰ</span> <span class='ocrx_word' id='word_1_128' title='bbox 411 2213 454 2290; x_wconf 85' lang='grc' dir='ltr'>είς</span> <span class='ocrx_word' id='word_1_129' title='bbox 481 2241 526 2284; x_wconf 81' lang='grc' dir='ltr'>ου</span> <span class='ocrx_word' id='word_1_130' title='bbox 552 2210 722 2310; x_wconf 78' lang='grc' dir='ltr'>βαρίντονα</span> <span class='ocrx_word' id='word_1_131' title='bbox 747 2221 836 2308; x_wconf 91' lang='grc' dir='ltr'>τρεῖς</span> <span class='ocrx_word' id='word_1_132' title='bbox 857 2211 979 2287; x_wconf 90' lang='grc' dir='ltr'>κλίσεις</span> <span class='ocrx_word' id='word_1_133' title='bbox 1008 2208 1229 2307; x_wconf 77' lang='grc' dir='ltr'>ἐπιδέχονται,</span> <span class='ocrx_word' id='word_1_134' title='bbox 1258 2211 1278 2294; x_wconf 79' lang='grc' dir='ltr'>ῖη</span> <span class='ocrx_word' id='word_1_135' title='bbox 1308 2210 1379 2308; x_wconf 76' lang='grc' dir='ltr'>γὰρ</span> 
     </span>
     <span class='ocr_line' id='line_1_18' title="bbox 278 2324 1382 2425; baseline 0 -27"><span class='ocrx_word' id='word_1_136' title='bbox 278 2328 460 2425; x_wconf 87' lang='grc' dir='ltr'>προσθέσει</span> <span class='ocrx_word' id='word_1_137' title='bbox 485 2335 547 2401; x_wconf 83' lang='grc' dir='ltr'>τοῦ</span> <span class='ocrx_word' id='word_1_138' title='bbox 572 2357 612 2400; x_wconf 78' lang='lat' dir='ltr'>ox</span> <span class='ocrx_word' id='word_1_139' title='bbox 637 2333 770 2400; x_wconf 80' lang='grc' dir='ltr'>ποιοῦσι</span> <span class='ocrx_word' id='word_1_140' title='bbox 791 2327 852 2410; x_wconf 71' lang='grc' dir='ltr'>τὴν</span> <span class='ocrx_word' id='word_1_141' title='bbox 874 2327 1008 2419; x_wconf 78' lang='grc' dir='ltr'>γενικίην,</span> <span class='ocrx_word' id='word_1_142' title='bbox 1026 2326 1078 2399; x_wconf 86' lang='grc' dir='ltr'>καῖ</span> <span class='ocrx_word' id='word_1_143' title='bbox 1097 2324 1310 2424; x_wconf 81' lang='grc' dir='ltr'>φυλάττουσι</span> <span class='ocrx_word' id='word_1_144' title='bbox 1336 2326 1382 2400; x_wconf 80' lang='grc' dir='ltr'>τὸ</span> 
     </span>
     <span class='ocr_line' id='line_1_19' title="bbox 279 2435 1383 2542; baseline 0.002 -28"><span class='ocrx_word' id='word_1_145' title='bbox 279 2435 313 2528; x_wconf 88' lang='grc' dir='ltr'>α,</span> <span class='ocrx_word' id='word_1_146' title='bbox 330 2440 400 2514; x_wconf 84' lang='grc' dir='ltr'>οῖον</span> <span class='ocrx_word' id='word_1_147' title='bbox 417 2442 506 2514; x_wconf 86' lang='grc' dir='ltr'>θέων</span> <span class='ocrx_word' id='word_1_148' title='bbox 524 2442 658 2526; x_wconf 86' lang='grc' dir='ltr'>θέωνος,</span> <span class='ocrx_word' id='word_1_149' title='bbox 678 2439 828 2515; x_wconf 84' lang='grc' dir='ltr'>Πλάτων</span> <span class='ocrx_word' id='word_1_150' title='bbox 854 2439 1048 2522; x_wconf 87' lang='grc' dir='ltr'>Πλάτωνος·</span> <span class='ocrx_word' id='word_1_151' title='bbox 1075 2443 1094 2528; x_wconf 81' lang='grc' dir='ltr'>ῖη</span> <span class='ocrx_word' id='word_1_152' title='bbox 1113 2444 1294 2542; x_wconf 87' lang='grc' dir='ltr'>προσθέσει</span> <span class='ocrx_word' id='word_1_153' title='bbox 1321 2452 1383 2528; x_wconf 80' lang='grc' dir='ltr'>τῆς</span> 
     </span>
    </p>

    <p class='ocr_par' dir='ltr' id='par_1_5' title="bbox 196 2557 1429 2874">
     <span class='ocr_line' id='line_1_20' title="bbox 196 2557 1383 2655; baseline 0.006 -30"><span class='ocrx_word' id='word_1_154' title='bbox 196 2564 238 2626; x_wconf 79' lang='lat'>62</span> <span class='ocrx_word' id='word_1_155' title='bbox 252 2581 321 2628; x_wconf 77' lang='grc' dir='ltr'>αυτ</span> <span class='ocrx_word' id='word_1_156' title='bbox 346 2563 479 2628; x_wconf 81' lang='grc' dir='ltr'>ποιοῦσι</span> <span class='ocrx_word' id='word_1_157' title='bbox 503 2558 563 2640; x_wconf 78' lang='grc' dir='ltr'>την</span> <span class='ocrx_word' id='word_1_158' title='bbox 586 2558 721 2650; x_wconf 66' lang='grc' dir='ltr'>γενικὴν,</span> <span class='ocrx_word' id='word_1_159' title='bbox 746 2558 800 2628; x_wconf 86' lang='grc' dir='ltr'>καῖ</span> <span class='ocrx_word' id='word_1_160' title='bbox 825 2558 986 2655; x_wconf 85' lang='grc' dir='ltr'>τρέπουσι</span> <span class='ocrx_word' id='word_1_161' title='bbox 1010 2557 1054 2631; x_wconf 83' lang='grc' dir='ltr'>τό</span> <span class='ocrx_word' id='word_1_162' title='bbox 1078 2590 1099 2630; x_wconf 90' lang='grc' dir='ltr'>α</span> <span class='ocrx_word' id='word_1_163' title='bbox 1127 2562 1170 2637; x_wconf 87' lang='grc' dir='ltr'>εῖς</span> <span class='ocrx_word' id='word_1_164' title='bbox 1198 2591 1217 2630; x_wconf 93' lang='grc' dir='ltr'>ο</span> <span class='ocrx_word' id='word_1_165' title='bbox 1241 2560 1295 2630; x_wconf 85' lang='grc' dir='ltr'>έπῖ</span> <span class='ocrx_word' id='word_1_166' title='bbox 1321 2568 1383 2643; x_wconf 74' lang='grc' dir='ltr'>τῆς</span> 
     </span>
     <span class='ocr_line' id='line_1_21' title="bbox 278 2669 1429 2771; baseline 0.005 -28"><span class='ocrx_word' id='word_1_167' title='bbox 278 2679 413 2768; x_wconf 77' lang='grc' dir='ltr'>γενικῆς,</span> <span class='ocrx_word' id='word_1_168' title='bbox 432 2725 462 2745; x_wconf 92' lang='grc'>..</span> <span class='ocrx_word' id='word_1_169' title='bbox 477 2727 509 2747; x_wconf 94' lang='grc'>..</span> <span class='ocrx_word' id='word_1_170' title='bbox 528 2669 597 2745; x_wconf 85' lang='grc' dir='ltr'>οίον</span> <span class='ocrx_word' id='word_1_171' title='bbox 614 2669 764 2771; x_wconf 85' lang='grc' dir='ltr'>θεράπων</span> <span class='ocrx_word' id='word_1_172' title='bbox 781 2670 996 2770; x_wconf 83' lang='grc' dir='ltr'>θεράποντος,</span> <span class='ocrx_word' id='word_1_173' title='bbox 1012 2675 1094 2746; x_wconf 88' lang='grc' dir='ltr'>λέων</span> <span class='ocrx_word' id='word_1_174' title='bbox 1111 2675 1247 2754; x_wconf 89' lang='grc' dir='ltr'>λέοντος</span> <span class='ocrx_word' id='word_1_175' title='bbox 1264 2677 1318 2748; x_wconf 78' lang='grc' dir='ltr'>καί</span> <span class='ocrx_word' id='word_1_176' title='bbox 1334 2675 1381 2749; x_wconf 76' lang='grc' dir='ltr'>τά</span> <span class='ocrx_word' id='word_1_177' title='bbox 1393 2703 1429 2742; x_wconf 82' lang='lat'>20</span> 
     </span>
     <span class='ocr_line' id='line_1_22' title="bbox 277 2788 388 2874; baseline 0 -14"><span class='ocrx_word' id='word_1_178' title='bbox 277 2788 388 2874; x_wconf 86' lang='grc' dir='ltr'>όμοια.</span> 
     </span>
    </p>

    <p class='ocr_par' dir='ltr' id='par_1_6' title="bbox 278 2900 1426 3380">
     <span class='ocr_line' id='line_1_23' title="bbox 328 2900 1384 3003; baseline 0.007 -30"><span class='ocrx_word' id='word_1_179' title='bbox 328 2901 384 2975; x_wconf 81' lang='grc' dir='ltr'>Τὰ</span> <span class='ocrx_word' id='word_1_180' title='bbox 402 2905 445 2981; x_wconf 86' lang='grc' dir='ltr'>είς</span> <span class='ocrx_word' id='word_1_181' title='bbox 469 2933 515 2976; x_wconf 78' lang='grc' dir='ltr'>ου</span> <span class='ocrx_word' id='word_1_182' title='bbox 540 2900 770 3003; x_wconf 65' lang='grc' dir='ltr'>πατρωνυμικόν</span> <span class='ocrx_word' id='word_1_183' title='bbox 790 2900 834 2976; x_wconf 81' lang='grc' dir='ltr'>τὸ</span> <span class='ocrx_word' id='word_1_184' title='bbox 855 2933 877 2976; x_wconf 92' lang='grc' dir='ltr'>α</span> <span class='ocrx_word' id='word_1_185' title='bbox 902 2900 1132 3003; x_wconf 80' lang='grc' dir='ltr'>φυλάττουσιν</span> <span class='ocrx_word' id='word_1_186' title='bbox 1149 2905 1202 2977; x_wconf 81' lang='grc' dir='ltr'>έπῖ</span> <span class='ocrx_word' id='word_1_187' title='bbox 1219 2915 1278 2991; x_wconf 74' lang='grc' dir='ltr'>τῆς</span> <span class='ocrx_word' id='word_1_188' title='bbox 1295 2936 1384 3002; x_wconf 89' lang='grc' dir='ltr'>γενι-</span> 
     </span>
     <span class='ocr_line' id='line_1_24' title="bbox 278 3015 1383 3120; baseline 0.007 -30"><span class='ocrx_word' id='word_1_189' title='bbox 278 3027 341 3102; x_wconf 79' lang='grc' dir='ltr'>κῖης,</span> <span class='ocrx_word' id='word_1_190' title='bbox 359 3015 429 3090; x_wconf 79' lang='grc' dir='ltr'>οῖον</span> <span class='ocrx_word' id='word_1_191' title='bbox 444 3018 605 3118; x_wconf 86' lang='grc' dir='ltr'>Ἀτρείωυ</span> <span class='ocrx_word' id='word_1_192' title='bbox 615 3020 824 3120; x_wconf 88' lang='grc' dir='ltr'>Ἀτρείωνος,</span> <span class='ocrx_word' id='word_1_193' title='bbox 841 3021 860 3092; x_wconf 88' lang='grc' dir='ltr'>ὁ</span> <span class='ocrx_word' id='word_1_194' title='bbox 886 3018 951 3098; x_wconf 84' lang='grc' dir='ltr'>υῖός</span> <span class='ocrx_word' id='word_1_195' title='bbox 974 3026 1036 3093; x_wconf 77' lang='grc' dir='ltr'>τοῦ</span> <span class='ocrx_word' id='word_1_196' title='bbox 1051 3019 1209 3120; x_wconf 81' lang='grc' dir='ltr'>Ἀτρέως,</span> <span class='ocrx_word' id='word_1_197' title='bbox 1228 3021 1383 3107; x_wconf 87' lang='grc' dir='ltr'>Πηλείων</span> 
     </span>
     <span class='ocr_line' id='line_1_25' title="bbox 280 3157 1384 3268; baseline 0.008 -32"><span class='ocrx_word' id='word_1_198' title='bbox 280 3165 476 3251; x_wconf 89' lang='grc' dir='ltr'>Πηλείωνος,</span> <span class='ocrx_word' id='word_1_199' title='bbox 501 3169 520 3238; x_wconf 87' lang='grc' dir='ltr'>ό</span> <span class='ocrx_word' id='word_1_200' title='bbox 543 3167 608 3247; x_wconf 84' lang='grc' dir='ltr'>υῖός</span> <span class='ocrx_word' id='word_1_201' title='bbox 632 3175 694 3242; x_wconf 80' lang='grc' dir='ltr'>τοῦ</span> <span class='ocrx_word' id='word_1_202' title='bbox 720 3168 867 3254; x_wconf 88' lang='grc' dir='ltr'>Πηλέως,</span> <span class='ocrx_word' id='word_1_203' title='bbox 889 3169 1039 3267; x_wconf 88' lang='grc' dir='ltr'>Κρονίων</span> <span class='ocrx_word' id='word_1_204' title='bbox 1061 3157 1292 3268; x_wconf 76' lang='grc' dir='ltr'>Κρονίόνος,ό</span> <span class='ocrx_word' id='word_1_205' title='bbox 1317 3173 1384 3252; x_wconf 81' lang='grc' dir='ltr'>υῖθς</span> 
     </span>
     <span class='ocr_line' id='line_1_26' title="bbox 279 3280 1426 3380; baseline 0.003 -26"><span class='ocrx_word' id='word_1_206' title='bbox 279 3287 341 3354; x_wconf 85' lang='grc' dir='ltr'>τοιῖ</span> <span class='ocrx_word' id='word_1_207' title='bbox 358 3280 501 3380; x_wconf 89' lang='grc' dir='ltr'>Κρόνου.</span> <span class='ocrx_word' id='word_1_208' title='bbox 1394 3297 1426 3358; x_wconf 81' lang='lat'>25</span> 
     </span>
    </p>
   </div>
   <div class='ocr_carea' id='block_1_3' title="bbox 330 3363 1383 3499">
    <p class='ocr_par' dir='ltr' id='par_1_7' title="bbox 330 3363 1383 3499">
     <span class='ocr_line' id='line_1_27' title="bbox 1297 3363 1312 3390; baseline 0 0"><span class='ocrx_word' id='word_1_209' title='bbox 1297 3363 1312 3390; x_wconf 71' lang='lat'>0</span> 
     </span>
     <span class='ocr_line' id='line_1_28' title="bbox 330 3395 1383 3499; baseline 0.01 -32"><span class='ocrx_word' id='word_1_210' title='bbox 330 3395 387 3469; x_wconf 81' lang='grc' dir='ltr'>Τὰ</span> <span class='ocrx_word' id='word_1_211' title='bbox 409 3400 451 3475; x_wconf 86' lang='grc' dir='ltr'>εἰς</span> <span class='ocrx_word' id='word_1_212' title='bbox 471 3428 517 3470; x_wconf 82' lang='grc' dir='ltr'>ου</span> <span class='ocrx_word' id='word_1_213' title='bbox 544 3397 783 3499; x_wconf 81' lang='grc' dir='ltr'>ιῖποκοριστικᾶ</span> <span class='ocrx_word' id='word_1_214' title='bbox 808 3395 939 3477; x_wconf 87' lang='grc' dir='ltr'>πάντως</span> <span class='ocrx_word' id='word_1_215' title='bbox 957 3398 1000 3472; x_wconf 82' lang='grc' dir='ltr'>τὸ</span> <span class='ocrx_word' id='word_1_216' title='bbox 1024 3429 1046 3472; x_wconf 92' lang='grc' dir='ltr'>α</span> <span class='ocrx_word' id='word_1_217' title='bbox 1072 3399 1306 3498; x_wconf 83' lang='grc' dir='ltr'>φυλάττουσιν</span> <span class='ocrx_word' id='word_1_218' title='bbox 1327 3407 1383 3478; x_wconf 84' lang='grc' dir='ltr'>ε’πῖ</span> 
     </span>
    </p>
   </div>
   <div class='ocr_carea' id='block_1_4' title="bbox 278 3511 1429 4454">
    <p class='ocr_par' dir='ltr' id='par_1_8' title="bbox 278 3511 1429 4454">
     <span class='ocr_line' id='line_1_29' title="bbox 278 3511 1386 3615; baseline 0.007 -30"><span class='ocrx_word' id='word_1_219' title='bbox 278 3521 337 3598; x_wconf 78' lang='grc' dir='ltr'>τῆς</span> <span class='ocrx_word' id='word_1_220' title='bbox 362 3523 496 3609; x_wconf 74' lang='grc' dir='ltr'>γενικῆς,</span> <span class='ocrx_word' id='word_1_221' title='bbox 522 3517 592 3588; x_wconf 80' lang='grc' dir='ltr'>οῖον</span> <span class='ocrx_word' id='word_1_222' title='bbox 616 3513 833 3614; x_wconf 74' lang='grc' dir='ltr'>Βακχυλίδης,</span> <span class='ocrx_word' id='word_1_223' title='bbox 860 3512 1003 3613; x_wconf 88' lang='grc' dir='ltr'>Βάκχων</span> <span class='ocrx_word' id='word_1_224' title='bbox 1027 3511 1217 3615; x_wconf 86' lang='grc' dir='ltr'>Βάκχωνος,</span> <span class='ocrx_word' id='word_1_225' title='bbox 1243 3520 1386 3605; x_wconf 84' lang='grc' dir='ltr'>Σιμωνί-</span> 
     </span>
     <span class='ocr_line' id='line_1_30' title="bbox 279 3625 1386 3722; baseline 0.009 -23"><span class='ocrx_word' id='word_1_226' title='bbox 279 3625 344 3712; x_wconf 81' lang='grc' dir='ltr'>θης,</span> <span class='ocrx_word' id='word_1_227' title='bbox 375 3629 485 3713; x_wconf 88' lang='grc' dir='ltr'>Σίμων</span> <span class='ocrx_word' id='word_1_228' title='bbox 509 3632 665 3716; x_wconf 86' lang='grc' dir='ltr'>Σίμωνος,</span> <span class='ocrx_word' id='word_1_229' title='bbox 691 3628 841 3718; x_wconf 84' lang='grc' dir='ltr'>Σικελὸς,</span> <span class='ocrx_word' id='word_1_230' title='bbox 868 3629 973 3702; x_wconf 88' lang='grc' dir='ltr'>Σίκων</span> <span class='ocrx_word' id='word_1_231' title='bbox 997 3629 1146 3717; x_wconf 83' lang='grc' dir='ltr'>Σίκωνος,</span> <span class='ocrx_word' id='word_1_232' title='bbox 1173 3633 1386 3722; x_wconf 83' lang='grc' dir='ltr'>Λακεδαιμό-</span> 
     </span>
     <span class='ocr_line' id='line_1_31' title="bbox 280 3741 1384 3837; baseline 0.013 -24"><span class='ocrx_word' id='word_1_233' title='bbox 280 3771 356 3827; x_wconf 92' lang='grc' dir='ltr'>νιος,</span> <span class='ocrx_word' id='word_1_234' title='bbox 383 3741 503 3816; x_wconf 85' lang='grc' dir='ltr'>Λάκων</span> <span class='ocrx_word' id='word_1_235' title='bbox 530 3745 697 3832; x_wconf 85' lang='grc' dir='ltr'>Λάκωνος,</span> <span class='ocrx_word' id='word_1_236' title='bbox 731 3747 967 3830; x_wconf 86' lang='grc' dir='ltr'>Μιτυληναῖος,</span> <span class='ocrx_word' id='word_1_237' title='bbox 993 3745 1113 3821; x_wconf 87' lang='grc' dir='ltr'>Μίτων</span> <span class='ocrx_word' id='word_1_238' title='bbox 1138 3749 1303 3837; x_wconf 84' lang='grc' dir='ltr'>Μέτωνος,</span> <span class='ocrx_word' id='word_1_239' title='bbox 1330 3755 1384 3827; x_wconf 87' lang='grc' dir='ltr'>καῖ</span> 
     </span>
     <span class='ocr_line' id='line_1_32' title="bbox 278 3855 1429 3944; baseline 0.019 -14"><span class='ocrx_word' id='word_1_240' title='bbox 278 3855 324 3930; x_wconf 81' lang='grc' dir='ltr'>τὰ</span> <span class='ocrx_word' id='word_1_241' title='bbox 341 3857 453 3941; x_wconf 82' lang='grc' dir='ltr'>ὅμοια.</span> <span class='ocrx_word' id='word_1_242' title='bbox 1393 3885 1429 3944; x_wconf 81' lang='lat'>3⁰</span> 
     </span>
     <span class='ocr_line' id='line_1_33' title="bbox 330 3970 1386 4080; baseline 0.015 -38"><span class='ocrx_word' id='word_1_243' title='bbox 330 3970 387 4043; x_wconf 84' lang='grc' dir='ltr'>Τὰ</span> <span class='ocrx_word' id='word_1_244' title='bbox 412 3975 456 4052; x_wconf 87' lang='grc' dir='ltr'>είς</span> <span class='ocrx_word' id='word_1_245' title='bbox 481 4005 528 4048; x_wconf 75' lang='grc' dir='ltr'>αν</span> <span class='ocrx_word' id='word_1_246' title='bbox 561 3973 756 4074; x_wconf 77' lang='grc' dir='ltr'>συγκριτικὰ</span> <span class='ocrx_word' id='word_1_247' title='bbox 778 3974 939 4072; x_wconf 85' lang='grc' dir='ltr'>τρέπουσι</span> <span class='ocrx_word' id='word_1_248' title='bbox 964 3976 1008 4052; x_wconf 79' lang='grc' dir='ltr'>τό</span> <span class='ocrx_word' id='word_1_249' title='bbox 1027 4009 1049 4050; x_wconf 91' lang='grc' dir='ltr'>α</span> <span class='ocrx_word' id='word_1_250' title='bbox 1066 3979 1100 4051; x_wconf 81' lang='grc' dir='ltr'>έν</span> <span class='ocrx_word' id='word_1_251' title='bbox 1115 3987 1159 4075; x_wconf 74' lang='grc' dir='ltr'>τῇ</span> <span class='ocrx_word' id='word_1_252' title='bbox 1177 3989 1296 4080; x_wconf 71' lang='grc' dir='ltr'>γενικῇ,</span> <span class='ocrx_word' id='word_1_253' title='bbox 1314 3983 1386 4058; x_wconf 80' lang='grc' dir='ltr'>οῖον</span> 
     </span>
     <span class='ocr_line' id='line_1_34' title="bbox 279 4085 1385 4191; baseline 0.01 -29"><span class='ocrx_word' id='word_1_254' title='bbox 279 4085 396 4189; x_wconf 76' lang='grc' dir='ltr'>μείζων</span> <span class='ocrx_word' id='word_1_255' title='bbox 428 4087 587 4191; x_wconf 81' lang='grc' dir='ltr'>μείζονος,</span> <span class='ocrx_word' id='word_1_256' title='bbox 617 4091 774 4191; x_wconf 84' lang='grc' dir='ltr'>κρείττων</span> <span class='ocrx_word' id='word_1_257' title='bbox 801 4089 1001 4187; x_wconf 84' lang='grc' dir='ltr'>κρείττονος,</span> <span class='ocrx_word' id='word_1_258' title='bbox 1026 4095 1171 4183; x_wconf 84' lang='grc' dir='ltr'>βελτίων</span> <span class='ocrx_word' id='word_1_259' title='bbox 1197 4099 1385 4188; x_wconf 86' lang='grc' dir='ltr'>βελτίονος,</span> 
     </span>
     <span class='ocr_line' id='line_1_35' title="bbox 279 4212 1387 4348; baseline 0.011 -40"><span class='ocrx_word' id='word_1_260' title='bbox 279 4237 392 4336; x_wconf 86' lang='grc' dir='ltr'>ιἰρείων</span> <span class='ocrx_word' id='word_1_261' title='bbox 404 4219 563 4337; x_wconf 74' lang='grc' dir='ltr'>ἆρείάνος,</span> <span class='ocrx_word' id='word_1_262' title='bbox 572 4239 605 4332; x_wconf 85' lang='grc' dir='ltr'>(ὁ</span> <span class='ocrx_word' id='word_1_263' title='bbox 618 4241 799 4339; x_wconf 87' lang='grc' dir='ltr'>κρείττων,)</span> <span class='ocrx_word' id='word_1_264' title='bbox 811 4239 943 4336; x_wconf 84' lang='grc' dir='ltr'>χερείων</span> <span class='ocrx_word' id='word_1_265' title='bbox 954 4212 1133 4341; x_wconf 64' lang='grc' dir='ltr'>χερείθνος,</span> <span class='ocrx_word' id='word_1_266' title='bbox 1146 4247 1262 4346; x_wconf 89' lang='grc' dir='ltr'>χείρων</span> <span class='ocrx_word' id='word_1_267' title='bbox 1270 4251 1387 4348; x_wconf 86' lang='grc' dir='ltr'>χείρο-</span> 
     </span>
     <span class='ocr_line' id='line_1_36' title="bbox 279 4352 1384 4454; baseline 0.014 -30"><span class='ocrx_word' id='word_1_268' title='bbox 279 4385 343 4444; x_wconf 88' lang='grc' dir='ltr'>νος,</span> <span class='ocrx_word' id='word_1_269' title='bbox 369 4352 428 4447; x_wconf 78' lang='grc' dir='ltr'>(τὰ</span> <span class='ocrx_word' id='word_1_270' title='bbox 446 4353 481 4428; x_wconf 78' lang='grc' dir='ltr'>δέ</span> <span class='ocrx_word' id='word_1_271' title='bbox 497 4355 552 4430; x_wconf 79' lang='grc' dir='ltr'>θέο</span> <span class='ocrx_word' id='word_1_272' title='bbox 567 4359 602 4431; x_wconf 77' lang='grc' dir='ltr'>ἓν</span> <span class='ocrx_word' id='word_1_273' title='bbox 619 4357 855 4450; x_wconf 86' lang='grc' dir='ltr'>σημαίνουσιν,)</span> <span class='ocrx_word' id='word_1_274' title='bbox 875 4359 1015 4449; x_wconf 85' lang='grc' dir='ltr'>γλυκίων</span> <span class='ocrx_word' id='word_1_275' title='bbox 1033 4361 1214 4454; x_wconf 90' lang='grc' dir='ltr'>γλυκίονος,</span> <span class='ocrx_word' id='word_1_276' title='bbox 1229 4361 1384 4440; x_wconf 85' lang='grc' dir='ltr'>έλάττων</span> 
     </span>
    </p>
   </div>
   <div class='ocr_carea' id='block_1_5' title="bbox 0 0 1488 5020">
    <p class='ocr_par' dir='ltr' id='par_1_9' title="bbox 0 0 1488 5020">
     <span class='ocr_line' id='line_1_37' title="bbox 0 0 1488 5020; baseline 0 0"><span class='ocrx_word' id='word_1_277' title='bbox 0 0 1488 5020; x_wconf 95' lang='lat' dir='ltr'> </span> 
     </span>
    </p>
   </div>
  </div>
 </body>
</html>
