2982 5022
8 325 83 392 σε.
409 331 480 392 ςιε
501 331 558 392 το
581 331 875 398 οΝονιιτικοκ.
1001 299 1004 306 ’
1153 351 1194 421 51

90 496 135 569 τδ
151 498 248 595 ῥίγος
265 499 392 592 γίνεται
414 497 580 596 δύσριγος,
596 497 648 572 καί
673 497 765 598 παρὰ
789 498 833 578 τό
856 499 956 600 ξίφος
978 499 1100 602 άξιφος
1122 503 1196 576 οὐν-

91 618 200 697 θπον,
218 611 305 686 οὕτω
320 615 373 686 καί
396 611 487 712 παρά
508 613 552 686 τδ
569 623 685 712 χεῖλος
701 609 942 715 ὐγκυλοχείλής
958 619 1125 703 σύνθετον,
1141 619 1195 692 καί

89 728 215 801 λοιπὸν
239 727 308 801 άπὸ
337 735 401 801 τοῦ
424 729 665 828 άγκυλοχεῖλος
689 731 846 804 συνθέτου
873 736 1000 827 γίνεται
1029 736 1196 832 παρασύν-

90 851 191 917 θετον
208 844 448 942 ιἰγκυλοχειλης
464 846 716 944 ἇγκυλοχείλου,
733 847 786 920 καί
807 845 937 946 ἔτρεψε
952 846 996 921 τδ
1014 881 1032 919 ο
1050 853 1093 927 είς
1109 847 1152 922 πθ
1170 879 1194 924 n

87 959 247 1060 φυλάξον
268 963 329 1045 τήν
354 963 452 1045 αὐτήν
471 964 589 1034 κλίσιν·
615 963 739 1036 τούτου
755 961 854 1062 χάριν
871 965 927 1036 οὐκ
943 962 1095 1060 όξύνομεν
1111 963 1220 1050 αὐτός

88 1075 183 1148 ἀλλὰ
200 1079 395 1176 βαρύνομεν.

136 1194 272 1266 Ἰστίον
294 1194 328 1266 δὲ
353 1196 407 1267 ότι
434 1198 528 1266 πάσα
554 1195 662 1290 γενική
685 1198 727 1272 είς
745 1225 803 1268 οτι
822 1200 976 1290 λήγουσα
997 1196 1193 1294 συνηρημίνη

87 1311 174 1394 ἐστι,
199 1314 254 1382 καί
280 1313 422 1405 εὐλόγως
446 1316 489 1391 εἰς
513 1314 573 1397 τήν
599 1343 637 1386 ατ
660 1311 853 1410 δίφθογγον
877 1315 945 1412 ἔχει
970 1314 1030 1397 τήν
1056 1317 1191 1406 γενικήν.

88 1425 145 1497 Τά
163 1426 234 1524 γάρ
247 1426 316 1499 ἆπδ
333 1433 399 1500 τῶν
411 1432 453 1505 είς
470 1459 511 1500 oz
527 1432 570 1506 είς
587 1459 631 1501 nx
648 1429 801 1522 γινόμενα
818 1430 999 1527 βαριίνονα,
1013 1429 1080 1502 ε’ίτε
1095 1431 1192 1504 δπλιῖ

87 1543 155 1614 εἴτε
178 1545 426 1640 παρασύνθετα,
444 1547 486 1622 είς
504 1545 564 1628 τήν
581 1576 621 1618 ος
638 1543 831 1644 δίφθογγον
847 1547 961 1643 ἔχουσι
979 1545 1038 1629 τήν
1056 1545 1190 1638 γενικήν,
1204 1578 1240 1618 10

87 1659 324 1757 οἶονἈραξος
337 1657 485 1758 Ἀράξης
499 1659 658 1760 Ἀριίξου,
677 1659 833 1738 Λάπιθος
851 1659 1006 1744 Λαπίθης
1023 1658 1190 1744 Λαπίθου,

79 1773 267 1859 Ἴσπληνος
299 1777 487 1870 [ε’ίσπνηλος
510 1779 802 1872 Theocr.12,13.]
834 1779 992 1859 ι’σπλήνης
1020 1777 1189 1862 ι’σπλήνου,

90 1894 254 1984 (σημαίνει
273 1891 308 1963 δὲ
328 1890 389 1965 τόν
404 1895 587 1991 ἔρύμενον,)
608 1891 775 1971 ἑπτάπους
795 1889 984 1972 ὐπτάποδος
1000 1891 1190 1978 ἑπταπόδης

85 2009 291 2092 ἕτταπόδου,
334 2011 487 2107 εὔπατρις
528 2007 721 2108 εὐπάτριδος
758 2009 949 2108 εὐπατρίδης
984 2009 1188 2109 εὐπατρίδου,

88 2123 248 2201 Οἰδίπους
270 2123 449 2202 Οἰδίποδος
474 2124 652 2210 Οίδιπόδης
675 2123 865 2198 Οίδιπόδου.
917 2123 1031 2204 Οὐπιος
1056 2123 1111 2201 οὐν
1135 2127 1187 2203 καί
1201 2157 1235 2220 15

87 2240 155 2313 εἰπδ
176 2249 242 2314 τοῦ
265 2242 506 2339 άγκυλοχεῖλος
526 2243 765 2339 ἀγκυλοχείλης
785 2243 1028 2338 εἰγκυλοχείλου
1052 2241 1189 2335 γέγονεν

86 2357 154 2430 άπδ
180 2365 246 2430 τοῦ
276 2360 431 2431 συνθέτου
459 2360 716 2456 παρασύνθετον,
744 2360 796 2431 καὶ
825 2359 967 2451 εὐλόγως
997 2360 1039 2436 είς
1065 2359 1126 2442 τήν
1151 2387 1189 2433 ος

87 2471 293 2570 δίφθογγον,
307 2477 347 2552 ὡς
359 2476 493 2573 εἴρηται,
503 2477 585 2573 ἔσχε
596 2477 656 2560 τήν
668 2481 805 2570 γενικήν.
834 2476 1039 2575 Πρόσκειτοι
1055 2485 1075 2518 “
1085 2475 1189 2573 βορό-

86 2593 185 2661 τονα”
199 2589 252 2662 διά
266 2587 310 2662 τά
324 2588 473 2685 όξύτονα,
486 2591 555 2664 οἷον
568 2591 619 2664 διὰ
632 2591 675 2666 τύ
689 2593 890 2691 νεόπτορθος
908 2593 1106 2690 νεοπτορθής
1120 2623 1188 2664 νεο-
1228 2643 1230 2648 .

88 2711 265 2805 πτορθαύς,
282 2707 334 2777 καί
360 2707 565 2786 παλύκλαδος
589 2708 795 2792 πολυκλαδής
817 2707 1050 2785 πολυκλαδούς·
1077 2714 1186 2781 ταῦτα
1198 2737 1235 2776 αο

87 2820 154 2920 γάρ
171 2820 243 2894 ἆπδ
259 2829 325 2894 τῶν
341 2826 383 2901 είς
401 2854 441 2896 ox
457 2827 501 2902 είς
518 2853 562 2898 nx
581 2825 746 2918 ἐγίνοντο,
763 2826 814 2896 καί
833 2825 918 2910 ὅμως
935 2827 977 2901 εἰς
995 2853 1053 2895 οτι
1069 2823 1186 2919 ἔχουσι

85 2940 144 3022 τήν
168 2939 296 3033 γενικήν
319 2941 372 3010 καί
397 2942 453 3010 οὐκ
478 2943 520 3018 εἷς
541 2942 602 3025 τήν
625 2973 665 3016 ος
685 2941 888 3040 δίφθογγον·
918 2940 995 3012 ἀλλ’
1018 2941 1073 3012 οὐκ
1096 2940 1187 3014 άντί-

86 3087 188 3128 κειται
215 3059 299 3142 ἡμῖν,
325 3055 432 3140 ἐπειδή
457 3058 512 3128 οὐκ
537 3058 601 3129 εἶσί
626 3059 805 3157 βαρύτονα,
826 3059 905 3130 ἁλλ’
922 3054 1071 3152 όξύτονα,
1122 3056 1186 3142 Εἰς

18 3181 143 3264 5ιλοτι
167 3171 205 3244 δὲ
227 3173 342 3269 ἔχουσι
366 3173 426 3256 τήν
447 3175 583 3267 γενικήν,
600 3174 709 3258 ε’πειδή
733 3176 865 3273 ἔχουσιν
888 3174 1057 3273 οὐδέτερον
1074 3176 1116 3256 είς
1134 3205 1185 3258 22,

86 3288 153 3360 οἷον
169 3287 215 3360 τδ
233 3289 428 3387 νεοπτορθὲς
444 3290 496 3362 καί
519 3289 563 3363 τδ
586 3291 798 3369 πολυκλαδές.
840 3289 997 3389 Ἐχομεν
1014 3289 1048 3362 δὲ
1065 3292 1098 3364 ἐν
1113 3300 1186 3370 τοῖς
1197 3319 1231 3377 25

86 3407 327 3500 πραλαβούσιν,
344 3405 397 3478 ὅτι
414 3403 459 3478 τά
477 3409 521 3483 είς
537 3435 593 3496 112,
609 3407 732 3503 ἔχοντα
750 3404 918 3504 οὐδέτερον
936 3409 979 3484 εἰς
996 3435 1046 3488 κς,
1064 3411 1107 3484 εἷς
1125 3437 1184 3482 ονε

86 3521 198 3616 ἔχουσι
224 3521 285 3603 τήν
305 3524 441 3614 γενικήν,
457 3522 527 3593 οἷον
548 3524 567 3594 ὁ
594 3523 705 3620 σαφής
726 3527 788 3594 πού
813 3525 943 3617 σαφοῦς
966 3518 1009 3592 τύ
1029 3519 1184 3619 σαφδς,δ

85 3641 240 3720 κακοήθης
264 3643 325 3708 τοῦ
349 3641 521 3720 κακοήθους
545 3637 588 3710 τδ
615 3638 776 3722 κακόηθες,
802 3639 821 3708 ὁ
848 3638 1001 3722 ἐπιμήκης
1027 3643 1089 3709 τού
1114 3639 1187 3711 ἑπι-

86 3757 201 3836 μήκους
216 3751 260 3824 τδ
276 3753 434 3837 ἐπίμηκες,
452 3753 504 3829 καί
524 3752 570 3826 τὰ
588 3754 697 3837 ὅμοια.
738 3753 945 3852 Πρόσκειται
962 3755 995 3826 ἐν
1010 3759 1061 3847 τῷ
1076 3755 1183 3830 κανόνι

87 3877 107 3908 “
122 3871 188 3942 είτε
205 3871 302 3942 οἱπλᾶ
319 3869 386 3942 είτε
401 3870 650 3968 παρασύνθιτα”
670 3867 721 3943 διὰ
745 3869 791 3942 τά
813 3872 964 3954 σύνθετα,
982 3867 1050 3944 οἷον
1068 3870 1120 3944 διὰ
1140 3870 1183 3944 τύ
1192 3899 1232 3956 30

87 3987 197 4062 σθένος
214 3986 425 4069 Δημοσθένης
443 3985 680 4070 Δημοσθένους.
725 3985 811 4058 Ἰδοὺ
828 3985 896 4086 γὰρ
912 3993 1016 4060 τοῦτο
1033 3986 1101 4060 ἆπδ
1118 3993 1184 4060 τῶν

87 4101 126 4176 είς
145 4130 188 4172 ατ
211 4103 254 4178 είς
275 4130 320 4173 αν
345 4101 483 4195 ε’γίνετο,
506 4103 559 4175 καὶ
585 4103 659 4173 ἔστι
683 4103 878 4200 βαρύτανον,
894 4103 946 4176 καί
965 4102 1049 4188 ὅμως
1066 4107 1108 4182 εἰς
1126 4134 1183 4180 οτι

87 4215 151 4311 ἔχει
175 4216 236 4300 τήν
262 4221 397 4310 γενικήν·
910 4217 1017 4302 ἐπειδή
1043 4219 1183 4298 σύνθεπα

89 4331 176 4404 εἰσίν,
217 4331 302 4406 Ὀτι
324 4331 423 4412 δὲτὸ
446 4335 686 4431 ἀγκυλοχείλης
708 4336 745 4410 οὐ
767 4333 897 4406 δύναται
918 4331 995 4410 είναι
1017 4334 1183 4422 σύνθετοιι,

90 4441 216 4518 δείκνυσι
239 4449 293 4520 καί
318 4451 337 4519 ό
362 4449 469 4530 τόνος·
494 4452 524 4522 εἰ
545 4447 613 4548 γάρ
635 4451 673 4534 ήν
693 4449 736 4524 τδ
758 4450 998 4548 ἆγκυλοχείλης
1015 4451 1229 4542 οὐνθετον,ης

602 4587 625 4630 Η
646 4586 664 4633 2
