2982 5022
353 801 941 912 HPOAEFOMENA

111 1090 242 1174 ΤΩΝ
289 1090 684 1177 ΘΕΟΔΟΣΙΟΤ
730 1091 1196 1179 ΟΝΟΜΑΤΙΚΩΝ

610 1343 682 1390 Ano

220 1543 396 1616 ΦΩΝΗΣ
422 1543 669 1616 ΓΕΩΡΓΙΟΥ
694 1539 1072 1615 ΧΟΙΡΟΒΟΣΚΟΥ.

500 1797 794 1866 *⁴⁶*ss

37 1982 331 2079 30⁸’EHE1AH
361 2006 380 2076 ὀ
411 2004 590 2083 Θεοδόσιος
623 2006 655 2077 ε’ν
687 2005 839 2097 συντόμῳ
871 2003 1092 2103 παραδίδωσιν
1122 2007 1220 2089 ἧμῖνς

104 2118 174 2197 τῠῦι·
195 2120 340 2204 κανόνας,
361 2117 514 2204 μάθωμεν
538 2120 591 2190 καί
617 2123 703 2203 ἡμεῖς
725 2122 758 2191 ἐν
779 2121 930 2210 συντόμῳ
954 2118 1000 2191 τά
1025 2120 1197 2216 προλεγό-

103 2263 175 2318 μενα
198 2241 263 2308 τιῖιν
287 2235 435 2306 κανόνων.
487 2233 623 2307 Σκοπὸν
647 2236 715 2332 ἔχει
742 2237 761 2306 ὁ
786 2233 935 2332 τεχνικός
959 2234 1035 2332 περί
1062 2235 1196 2312 κλίσεως

104 2341 264 2433 ὀνομάτων
281 2347 462 2437 διαλαβεῖν·
492 2345 536 2420 τό
555 2347 589 2420 δὲ
611 2349 723 2422 εἰδέναι
745 2351 806 2433 τίην
822 2350 930 2422 κλίσιν
946 2353 1011 2421 τῶν
1028 2346 1196 2433 ὀνομάτων

103 2471 260 2560 χρήσιμον
279 2465 373 2538 ε’στῖυ
396 2467 438 2542 είς
459 2463 503 2536 τό
527 2470 611 2550 μήτε
632 2463 864 2566 βαρβαρίζειν,
885 2469 969 2549 μήτε
985 2462 1193 2566 σολοικίζειν.

102 2579 224 2653 Ἰστίον
249 2579 284 2652 ὀί
308 2581 363 2652 ὅτι
388 2577 478 2651 ι’ίλλο
502 2579 546 2653 τὸ
570 2579 790 2680 βαρβαρίζειν
814 2582 867 2652 καί
894 2579 984 2652 ἄλλο
1008 2578 1052 2653 τό
1078 2588 1244 2684 σολοι-ιο

101 2692 200 2795 κῖζειν·
227 2691 448 2794 βαρβαρίζειν
471 2694 529 2779 μὲν
551 2694 604 2768 οὖν
627 2697 702 2768 ε’στῖ
727 2694 770 2768 τό
795 2693 993 2794 ἁμαρτάνειν
1015 2696 1091 2794 περὶ
1116 2695 1194 2780 μίαν

101 2809 195 2906 λέξιν,
216 2812 286 2883 εἴτε
307 2811 382 2907 τερί
404 2809 513 2894 τόνον,
537 2811 604 2882 ε’ίτε
625 2811 701 2909 περὶ
725 2813 871 2910 γραφὴν,
889 2812 956 2883 είτε
977 2812 1052 2905 περί
1075 2812 1193 2896 κλίσιν,

101 2926 162 2998 εἶτε
176 2927 251 3026 περί
269 2927 401 3023 χρόνον,
419 2927 485 2998 είτε
500 2928 575 3024 τερῖ
593 2933 727 3012 πνεῦμα.
775 2927 844 3000 Καὶ
862 2929 938 3025 περί
954 2928 1052 3000 τόνον
1068 2926 1137 3013 μὲν,
1154 2931 1194 3006 ὡς

101 3042 177 3114 ὅταν
192 3073 245 3119 τις
259 3040 303 3113 τό
320 3039 489 3140 ἅνθρωπος
505 3041 649 3140 ὀφείλων
665 3041 913 3141 τροταροξιῖναι
930 3041 1035 3138 ὀξίνη,
1050 3045 1102 3115 καί
1120 3044 1193 3138 ε’ίτη

101 3157 275 3256 άνθρωτός·
302 3158 376 3255 περί
400 3161 536 3256 γραφὴν
553 3157 597 3242 ὀί,
615 3161 656 3236 ὥς
680 3159 762 3231 ὅταν
782 3189 833 3236 τις
852 3157 895 3230 τό
914 3155 1033 3255 Λάχης
1050 3160 1194 3256 ὀφείλων
1207 3189 1241 3251 15

101 3271 235 3370 γράψαι
253 3271 305 3344 διά
322 3279 384 3346 τοῦ
405 3303 440 3359 ιι,
458 3271 583 3372 γράφη
607 3273 688 3346 αιίτό
712 3272 764 3346 ὀιᾶ
788 3279 848 3346 τοῦ
870 3297 893 3344 ι·
923 3274 998 3371 περί
1022 3276 1130 3346 κλίσιν
1148 3275 1192 3360 ὀί,

99 3390 234 3466 όςόταν
253 3387 296 3460 τό
313 3387 400 3465 Αίας
416 3387 503 3460 Αίου
524 3391 626 3484 κλίνη,
645 3391 788 3487 ὀφείλων
805 3388 952 3467 Α’ίαντος
974 3397 1090 3460 κλῖναι·
1117 3391 1192 3486 περὶ

99 3506 217 3601 χρόνον
236 3503 280 3590 ὀί,
297 3507 337 3582 ὡς
358 3505 440 3576 ὅταν
459 3536 510 3583 τις
531 3511 594 3578 τοῦ
615 3505 701 3583 Αῖας
720 3504 763 3577 τό
788 3535 829 3576 Ax
849 3505 1031 3598 συστέλλη,
1048 3505 1193 3601 ὀφείλων

99 3620 229 3692 ε’κτεῖυαι
247 3620 339 3690 αι’ντό·
361 3621 436 3716 τερῖ
453 3627 577 3704 πνεῦμα
595 3620 640 3707 ὀί,
657 3624 697 3698 ὡς
713 3621 795 3693 ὅταν
810 3651 862 3698 τις
878 3621 938 3704 τίην
953 3618 1017 3692 ότό
1034 3620 1193 3718 πρόθεσιν

100 3733 248 3830 ψιλόση,
258 3737 402 3834 ὀφείλων
414 3737 512 3820 αὐτὴν
526 3736 669 3808 ὀασῦναι.
694 3733 899 3836 Σολοικίζειν
917 3733 951 3807 ὀί
966 3737 1039 3812 ἔστί
1057 3735 1100 3808 τά
1117 3737 1192 3835 τερί
1205 3765 1243 3804 ιο
1342 3805 1344 3808 .

99 3854 153 3936 τίηυ
170 3850 325 3947 σύνταξιν
339 3853 391 3923 καί
413 3853 473 3935 τὴν
489 3850 617 3951 φράσιν
633 3849 841 3950 ἁμαρτάνειν,
852 3853 1038 3936 τουτέστιν,
1054 3849 1194 3936 ἑκάστης

99 3969 211 4064 λέξεως
230 3971 301 4040 καθ’
318 3969 432 4052 ἑαυτὴν
454 3970 592 4054 κειμίνης
616 3973 721 4046 καλῶς
745 3969 894 4066 ίχοιίσης,
916 3969 949 4038 ἒν
973 3974 1016 4064 τῇ
1041 3965 1192 4062 συντάξει

100 4084 235 4157 άτακτεῖ
256 4085 309 4156 καί
333 4089 378 4178 τῇ
402 4081 526 4184 φράσει
550 4085 773 4161 άνακολοίθως
795 4085 1131 4182 ταραλαμβανομίνη,
1154 4087 1194 4162 ὡς

100 4199 146 4271 ίτί
169 4189 233 4273 τοῦ
254 4211 275 4241 “
287 4199 353 4292 ίγά
371 4205 561 4298 περιπατῶν
578 4201 597 4270 ὁ
614 4209 731 4296 τοῖχος
747 4199 893 4284 ἔτεσεν,”
909 4199 983 4270 άντῖ
1003 4207 1065 4270 τοῦ
1082 4211 1102 4242 “
1115 4200 1195 4282 ἐμοῦ

100 4321 356 4413 περιπατοῦντος
376 4317 395 4386 ό
417 4327 534 4414 τοῖχος
555 4316 700 4386 ἔτεσεν·”
729 4313 797 4386 ι’όοίι
820 4312 888 4412 γάρ
909 4317 1048 4387 ἐνταῦθα
1071 4311 1192 4398 ἑκάστη
1205 4344 1219 4383 2
1224 4340 1240 4399 5

99 4429 183 4526 λε’ξις
206 4434 279 4504 καθ’
301 4432 415 4516 ἕαντίηυ
440 4429 522 4506 οὖσα
546 4435 651 4509 καλῶς
674 4441 807 4519 νοεῖται,
825 4431 954 4502 ἀλλ’ίν
976 4435 1019 4525 τῇ
1042 4427 1193 4524 συντάξει

637 4563 659 4609 Β
