2954 5024
41 301 75 364 ι’.
423 313 489 371 ΕΙΣ
511 313 567 371 ΤΟ
589 313 880 372 ΟΝΟΜΑΤΙΚΟΝ.
1143 325 1204 391 209

90 477 148 546 Οἰ
165 477 322 549 Ἀττικοί
349 477 384 550 δέ
406 488 465 562 τής
491 489 614 571 γενικῆς
636 481 756 561 ταῦτης
775 481 935 575 τρέπουσι
953 478 995 550 τὰ
1014 511 1032 550 ο
1051 483 1093 556 εἰς
1110 479 1151 550 τὰ
1171 509 1202 561 ο,

90 593 172 666 οἷον
199 594 317 672 Οἰνέως
342 593 468 674 Τυδέως
494 595 624 679 θησέως
646 597 835 692 Ἀχιλλέως
863 595 1009 678 Πηλέως.
1073 595 1203 666 Ἰστέον

91 707 134 779 δὲ
152 709 210 780 ὅτι
226 707 271 780 τὰ
290 713 332 787 εἰς
349 741 408 782 πυτ
426 717 577 805 λήγοντα
596 711 744 795 ὀνόματα
771 707 933 806 ἀρσενικὰ,
951 711 1016 782 εἴτε
1040 711 1204 792 μονοσυλ-

14 829 41 890 8
57 825 209 911 δλαβα,
227 825 294 896 εἴτε
309 826 390 924 ὑπὲρ
407 828 483 910 μίαν
500 827 683 914 συλλαβήν,
701 823 811 897 πάντα
830 821 968 918 ὰξιῖπονα
986 825 1075 896 εἰσίν.
1152 826 1203 896 ’ἰσί

93 937 133 1010 δὲ
161 938 316 1022 δηλονότι
342 943 636 1026 κοινολεκτοιίμενα,
660 941 730 1012 οἰον
744 940 935 1038 Ἀχιλλεὺς,
958 941 1106 1038 Ἀτρεὺς,
1131 941 1229 1024 Πη-5

92 1055 185 1138 λεῦς,
212 1054 345 1139 Θησεὺς,
371 1058 538 1144 βασιλεῦς,
564 1058 671 1155 ἰερείις,
699 1057 788 1142 Ζεὺς,
810 1058 927 1141 Φλείις,
958 1057 991 1148 (ὁ
1019 1057 1203 1150 Διόνυσος)

95 1172 190 1250 Νεῦς
207 1173 324 1263 (ὄνομα
342 1178 521 1268 ποταμοῦ)
543 1173 651 1254 Δνείις,
670 1173 787 1262 (ὄνομα
810 1174 936 1249 πόλεως
953 1174 986 1242 ἐν
1004 1171 1109 1262 Λυκίᾳ
1127 1173 1203 1244 ἔνθα

94 1285 274 1384 ἀνετράφη
291 1292 309 1369 ή
326 1287 504 1386 Χίμαιρα,)
522 1289 594 1366 σεῦς
612 1291 645 1378 (ὁ
669 1288 824 1384 σκώληξ)
848 1295 955 1360 ταῦτα
981 1287 1026 1369 δέ,
1052 1296 1137 1386 φημι
1160 1287 1203 1360 τὰ

93 1402 208 1480 Φλείις
228 1387 282 1473 καί
306 1402 390 1480 Νείις
410 1405 461 1473 καί
488 1405 596 1488 Δνεῦς,
624 1404 695 1474 οιίὰέ
719 1409 838 1488 συνήθη
864 1407 926 1476 εἰσί
952 1417 1024 1483 τοῖς
1039 1403 1203 1490 Ἕλλησι,

93 1517 141 1589 τὰ
170 1517 206 1588 δέ
228 1517 300 1595 σεῦς
328 1517 399 1589 οῦδὲ
424 1519 552 1616 εῦρηται
580 1522 611 1590 ἰν
634 1525 751 1618 χρήσει
777 1520 861 1592 κατὰ
887 1522 946 1603 τήν
964 1523 1094 1602 εὐθεῖαν,
1112 1519 1203 1591 ἰιλλὰ
1217 1543 1252 1583 10

94 1634 189 1706 κατὰ
217 1635 279 1713 τὰς
306 1637 480 1727 πλαγίους.
532 1635 740 1733 Πρόσκειται
766 1635 920 1718 δηλονότι
949 1638 1205 1706 “κοιυολεκτοιί-

94 1752 200 1832 μενα”
219 1749 271 1821 διὰ
296 1750 341 1821 τὰ
358 1749 515 1821 Αἰολικά·
542 1755 575 1821 οἰ
599 1749 667 1848 γὰρ
684 1750 822 1828 Αἰολεῖς
843 1751 1032 1848 βαρυτόνως
1048 1753 1204 1842 λέγουσιν

92 1863 295 1960 Ἀχιλλέος,
311 1863 615 1964 Πήλευς,”Ατρευς·
633 1873 790 1938 τοιοῦτον
807 1865 842 1938 δέ
858 1869 931 1939 ἐστι
948 1868 1001 1938 καί
1018 1865 1204 1964 τὰἈρευς,

97 1977 265 2051 Αἰολικὸν
299 1980 346 2064 έν,
381 1978 449 2052 οἷον
483 1981 619 2058 Αἰολεῖς
652 1981 695 2052 τὰ
728 1981 859 2081 Ἀρηος
892 1984 1016 2080 ’Ἀρευς
1055 1985 1205 2076 λέγουσι.

101 2095 314 2192 Πρόσκειται
351 2095 554 2194 “ὰρσενικὰ”
584 2093 636 2168 ὰιὰ
666 2096 711 2168 τὰ
746 2105 818 2179 νεῦς,
850 2097 954 2194 γραῦς.
1025 2097 1143 2168 Ταῦτα
1172 2097 1206 2168 δί
1219 2123 1252 2183 15

99 2217 340 2308 περισπῶνται,
358 2213 435 2282 ἁλλ’
455 2214 509 2282 οῦκ
530 2214 611 2283 εἰσίν
628 2210 780 2310 ἀρσενικὰ
807 2211 897 2284 ἀλλὰ
925 2211 1058 2299 θηλυκὰ,
1083 2219 1146 2288 νεῦς
1173 2211 1207 2283 δὲ

100 2329 197 2399 ἐστιν
215 2332 233 2409 ή
250 2335 331 2410 ναῦς,
348 2329 400 2398 καί
419 2333 514 2424 γρεῦς
530 2331 548 2408 ή
566 2333 677 2423 γραῦς.

154 2442 284 2514 Ἰστέον
302 2441 336 2513 δὲ
361 2443 414 2513 ὅτι
440 2442 485 2514 τὰ
511 2446 553 2519 εἰς
578 2471 633 2512 m
656 2449 763 2514 ταῦτα
787 2449 939 2538 λήγοντα
963 2447 1061 2517 πέντε
1081 2447 1204 2521 κλίσεις

102 2557 323 2655 ἐπιδέχονται,
342 2557 394 2629 διὰ
419 2565 481 2630 τοῦ
508 2589 549 2629 zo
578 2564 696 2644 κοινῶς,
724 2561 793 2632 οἷον
816 2560 1008 2657 Ἀχιλλέος,
1034 2562 1204 2650 βασιλέος·

103 2673 157 2745 διὰ
173 2679 237 2744 τοῦ
253 2703 273 2744 ιι
290 2673 342 2744 καί
360 2703 382 2744 ο
398 2672 563 2749 Ἀττικῶς
580 2673 649 2744 οἷον
666 2673 864 2770 Ἀχιλλέως,
881 2677 1055 2762 βασιλέως·
1080 2676 1131 2746 διὰ
1145 2681 1206 2746 τοῦ
1217 2707 1254 2744 ιο

106 2820 128 2862 ιι
146 2789 198 2861 καί
223 2821 242 2860 ο
265 2787 358 2885 παρὰ
382 2798 454 2866 τοῖς
479 2790 632 2887 ἀρχαίοις
646 2789 772 2873 Ἴωσιν,
799 2787 868 2859 οἰον
894 2789 1081 2885 Ἀχιλλῆος
1107 2791 1206 2876 βασι-

104 2915 193 2989 λῆυς,
211 2906 327 2988 ὁμοίως
352 2903 387 2976 ῦέ
411 2906 464 2975 καί
490 2901 581 3001 παρὰ
607 2915 677 2981 τοῖς
699 2905 850 3002 ὰρχαίοις
870 2904 1059 2989 Αἰολεῦσιν,
1078 2904 1156 2976 ἄλλ’
1173 2908 1206 2976 οἰ

106 3020 240 3098 Αἰολεῖς
273 3017 587 3117 προπαροξῦνουσιν,
618 3017 807 3117 Ἀχίλληος
840 3021 1004 3107 βασίληος
1037 3021 1204 3115 λέγοντες·

105 3133 195 3232 παρὰ
223 3133 257 3206 δέ
280 3146 352 3213 τοῖς
378 3137 542 3233 νεωτέροις
558 3135 657 3207 ΙἸωσι
684 3134 735 3208 διὰ
759 3146 817 3220 τῆς
835 3165 868 3208 ιιι
892 3137 1088 3236 ὰιφθόγγου
1104 3137 1155 3208 καί
1174 3167 1205 3222 ο,

105 3251 173 3321 οἰον
198 3249 394 3347 Ἀχιλλεῖος
419 3254 601 3338 βασιλεῖος,
632 3253 748 3336 ὁμοίως
776 3251 810 3323 δὲ
834 3253 886 3323 καί
912 3251 1004 3350 παρὰ
1033 3264 1105 3330 τοῖς
1135 3283 1206 3323 νεω-
1217 3281 1251 3338 25

105 3366 213 3464 τέροις
232 3365 421 3451 Αἰολεῦσιν,
439 3365 530 3437 ἀλλὰ
554 3363 657 3438 πάλιν
673 3370 706 3438 οἰ
729 3365 865 3444 Αἰολεῖς
889 3365 1204 3463 προποροξήνουσιν,

108 3481 299 3578 Ἀχῖλλειος
323 3483 495 3568 βασίλειος
522 3482 689 3575 λέγοντες.
740 3482 869 3552 Ἰστέον
886 3480 920 3552 δέ
938 3482 991 3552 ὅτι
1009 3480 1092 3558 τινὰς
1111 3535 1119 3551 .
1140 3533 1148 3550 .
1168 3533 1176 3551 .
1196 3535 1204 3550 .

108 3595 197 3693 παρὰ
210 3602 258 3687 τῷ
275 3603 398 3690 ποιητῇ
412 3595 455 3668 τὰ
474 3607 494 3638 “
508 3594 595 3693 ὰτὰρ
612 3597 764 3667 Φωκέων”
782 3593 837 3687 (ll.
855 3595 902 3683 β’.
916 3600 1006 3690 517.)
1025 3594 1077 3667 διὰ
1094 3604 1153 3679 τῆς
1170 3625 1202 3666 ιιι

110 3711 300 3809 ὰιφθόγγου
317 3709 510 3808 γράφεσθαι
534 3711 620 3784 κατὰ
644 3711 721 3789 τοῦς
738 3712 1040 3809 νεωτέρουςἼωυας,
1059 3713 1113 3784 οῦκ
1129 3713 1203 3784 ἔστι

111 3827 143 3898 δέ
165 3829 195 3897 εἰ
212 3825 256 3909 μή
281 3823 333 3895 ῦιὰ
356 3832 417 3895 τοῦ
435 3855 456 3896 ιι
474 3826 559 3900 κατὰ
576 3829 652 3906 τοῦς
675 3829 834 3905 παλαιοὺς
850 3827 975 3912 Ἴωνος,
993 3825 1040 3906 οἰς
1065 3833 1252 3926 συνεχῦςςο

110 3943 261 4039 κέχρηται
278 3942 297 4011 ὁ
314 3942 462 4030 ποιητής,
479 3939 547 4014 οἷον

266 4135 418 4204 Πηληϊάδεω
431 4133 581 4206 Ἀχιλλῆος.

268 4231 370 4304 Κούρην
385 4235 506 4305 Βρισῆος,
520 4230 567 4304 τήν
580 4254 625 4302 μοι
639 4231 723 4286 δόσαν
735 4229 789 4289 υἶεε
798 4231 919 4303 Ἀχαιῶν.

116 4398 210 4496 Παρὰ
237 4399 272 4472 δέ
294 4411 366 4478 τοῖς
383 4401 545 4480 Βοιωτοῖς
570 4400 621 4474 διὰ
647 4409 709 4473 τοῦ
731 4433 741 4472 1
765 4405 817 4474 καί
844 4435 862 4473 ο
889 4403 1013 4494 γίνεται
1042 4406 1059 4483 ή
1086 4403 1201 4494 γενική,

635 4535 656 4575 ν.
672 4535 689 4576 e
