2954 5024
412 362 480 425 ΕΙΣ
501 363 558 426 ΤΟ
579 361 894 439 ΟΝΟΜΑΤΙΚΟΝ.;
1129 369 1194 440 205

60 537 141 604 νοεῖ·
188 529 293 609 ούτας
318 529 373 603 οὖν
398 533 450 604 καῖ
479 535 499 605 ό
525 534 649 633 χαρίεις
678 531 705 606 ιδ
732 533 853 630 χαρίει,
881 531 935 602 καί
968 531 988 600 ὁ
1019 528 1197 614 τιμῇειςιδ

59 652 210 732 τιμῆει.
262 649 324 718 Δεῖ
339 653 532 747 προσθεῖναι
550 661 570 692 “
583 647 888 732 κοινολειιτούμενο”
905 643 957 720 διὰ
974 643 1020 719 τιῖ
1036 641 1194 716 Αῖολικιί·

62 769 103 837 οῖ
139 762 223 862 γὰρ
250 765 386 842 Αἰολεῖς
414 761 458 837 τό
486 763 593 842 τόλας
621 763 741 842 τόλαις
769 764 919 856 λέγουσι,
949 762 1001 834 καῖ
1030 759 1075 834 τό
1105 761 1197 840 Θόας

63 881 205 966 θόαις,
221 879 274 950 καῖ
291 877 334 951 τό
351 880 454 964 με’λας
469 880 596 964 με’λαις.
639 879 709 950 Καὶ
727 878 797 951 ι’δοῖι
812 884 920 950 ταῦτα
937 881 981 955 εἷς
999 908 1015 949 2
1033 879 1195 970 λήγουσιν

63 995 168 1081 μετὰ
192 995 399 1094 διφθόγγου,
416 996 468 1065 καῖ
487 995 572 1079 ὅμως
590 997 627 1066 ού
643 1002 775 1068 ποιοῦσι
792 995 853 1078 τὴν
864 991 1018 1078 κλητικῖμ
1033 994 1221 1088 ἆτοβολῇ5

63 1119 140 1185 τοῦ
163 1142 198 1195 ε,
218 1109 289 1184 οὐδὲ
314 1109 383 1210 γὰρ
408 1111 553 1203 λέγομεν
569 1112 596 1184 ῶ
613 1109 716 1184 τόλαι
742 1112 794 1182 καῖ
819 1111 846 1183 ῶ
867 1111 967 1195 μόλοι
984 1111 1036 1182 καῖ
1054 1109 1081 1182 ιδ
1096 1110 1194 1192 Θόαι,

66 1231 163 1300 ἀλλ’
196 1227 225 1301 ῶ
247 1225 357 1299 τόλαν
384 1227 437 1298 καῖ
463 1227 489 1299 ῶ
511 1227 602 1300 Θόαν
631 1229 683 1298 καῖ
711 1227 739 1298 ιδ
765 1228 880 1312 με’λαν,
904 1233 953 1318 τῷ
978 1224 1046 1298 ἇτδ
1070 1236 1196 1321 γενικῇς

68 1346 199 1422 κανόνι
224 1351 273 1436 τῷ
294 1343 443 1436 λέγοντι,
469 1343 524 1415 ότι
547 1347 643 1415 πᾶσα
667 1344 774 1438 γενικῇ
800 1342 853 1414 διὰ
878 1350 941 1415 τοῦ
962 1374 1004 1416 m·
1025 1346 1195 1428 κλειομένη

70 1462 254 1553 ἀποβολῇ
279 1467 337 1543 τῇς
362 1489 423 1531 τοι
449 1469 539 1530 ποιεῖ
561 1459 622 1542 τὴν
643 1460 809 1546 κλητιιιῇν,
834 1462 864 1532 εί
887 1458 921 1531 δὲ
944 1461 989 1544 μῖς
1013 1458 1195 1557 διφθόγγιρ

72 1580 341 1674 παραλύγοιτο,
367 1575 436 1647 οῖον
461 1575 609 1653 Αἴαντος
634 1574 734 1662 Αῖαν,
761 1578 930 1675 Δρύαντος
950 1579 1071 1668 Δρύον,
1095 1575 1194 1653 Ξενο-
1209 1607 1246 1648 10

73 1698 226 1790 φῶντας
267 1688 432 1790 Ξενοφῶν,
469 1688 677 1789 Κάλχαντος
711 1689 870 1789 Κόλχον·
917 1692 1019 1770 ούτιος
1059 1691 1114 1763 ούν
1142 1691 1195 1762 καῖ

76 1809 246 1887 Θόαντος
272 1808 373 1892 θύον,
398 1807 451 1879 καῖ
480 1807 644 1893 με’λαντος
667 1807 780 1892 με’λαν,
806 1808 859 1880 καῖ
884 1805 1052 1887 τόλαντος
1075 1806 1197 1882 τάλαν’

75 1922 124 1997 τὸ
159 1922 233 2022 γὰρ
261 1921 407 2002 τόλανος
432 1925 485 1996 καῖ
518 1924 659 2008 μέλανος
688 1924 848 2019 ἆτοβολῇ
877 1931 940 1998 τοῦ
972 1955 992 1997 Ιι·
1021 1924 1196 2018 γεγόνασι.

79 2043 153 2112 Δεῖ
173 2045 368 2138 προσθεῖναι
395 2040 525 2137 “χιορῖς
549 2045 615 2112 τῶν
635 2045 788 2135 μετοχῶν
803 2041 856 2112 καῖ
881 2047 947 2112 τῶν
969 2040 1195 2139 ούδετίριον””·

81 2159 157 2227 τῶν
173 2160 337 2252 μετοχῶν,
356 2152 467 2226 διὰτὸ
487 2156 624 2252 τυφθεὶς
650 2153 755 2250 δαρεῖς
781 2156 894 2248 νυγεὶς,
911 2162 1019 2228 ταῦτα
1044 2154 1112 2254 γὰρ
1137 2157 1197 2237 τῖμ
1209 2179 1244 2240 15

83 2272 195 2354 αύτῇν
210 2271 342 2365 ἔχουσιν
358 2269 458 2368 ὀρθὴν
473 2270 525 2346 καῖ
543 2271 706 2354 κλητικῆν,
723 2271 774 2341 καῖ
799 2272 836 2342 ού
858 2275 991 2342 ποιοῦσι
1008 2271 1068 2352 τῇν
1084 2278 1198 2352 κλητε-

83 2387 146 2468 κῖςν
175 2385 337 2480 ἀποβολῇ
358 2391 421 2458 τοιῖ
450 2411 479 2456 τ’
515 2391 581 2458 τῶν
604 2384 638 2457 δὲ
661 2391 844 2482 μετοχικῶν
872 2383 924 2457 διὰ
951 2381 995 2456 τό
1023 2383 1114 2460 ὁδούς
1135 2389 1199 2456 τοῦ

85 2499 240 2578 ὀδόντος·
269 2501 322 2571 καῖ
347 2507 452 2573 τοῦτο
478 2499 546 2598 γὰρ
571 2501 631 2585 τὴν
647 2503 745 2585 αύτῇν
762 2503 830 2599 ἔχει
849 2503 948 2600 ὀρθὴν
964 2502 1018 2572 καῖ
1034 2506 1198 2586 κλητικῆν.

87 2615 142 2687 Af
168 2614 239 2714 γὰρ
266 2617 409 2714 μετοχοῖ
436 2618 489 2688 καί
514 2616 560 2689 τὰ
585 2616 747 2715 μετοχικᾶ
773 2619 855 2690 ὅταν
877 2616 1199 2717 τεριττοαυλλοίβιος

89 2734 276 2815 κλίνονται,
304 2730 366 2811 τὰς
393 2732 493 2811 αύτδις
520 2734 651 2830 ἔχουσιν
681 2732 782 2832 ὀρθῶς
809 2733 860 2804 καῖ
887 2733 1051 2818 κλητικᾶς,
1083 2735 1153 2806 οἷον
1176 2737 1248 2812 όιο

89 2845 210 2942 τύψας
225 2854 287 2919 τοῦ
302 2845 477 2941 τύψαντος
493 2851 520 2920 ῶ
534 2847 659 2943 τύψας,
677 2851 696 2920 ό
714 2845 859 2947 γρόψας
875 2855 938 2920 τοιῖ
954 2847 1157 2944 γράφοντος
1173 2849 1200 2920 ῶ

92 2960 282 3060 γράψαςό
300 2963 374 3048 ῖμὰς
390 2972 451 3036 τοῦ
467 2964 602 3049 ι’μόντος
619 2967 647 3038 ῶ
661 2964 745 3050 ῖμᾶς,
760 2967 778 3037 ὁ
796 2964 925 3063 ἀνδριὰς
936 2973 998 3038 τοῦ
1009 2963 1201 3065 ἀνδριάντος

89 3077 276 3178 ῶᾶνδριός.
328 3081 431 3154 Διατί
455 3081 489 3154 δὲ
514 3082 710 3178 πρόσκειται
737 3083 853 3155 ’(όταν
877 3079 1199 3182 τεριττοαυλλόβιος

90 3198 283 3270 κλίνωνται”
306 3201 338 3269 ἐν
360 3206 404 3294 τῇ
429 3199 504 3296 τερῖ
534 3206 595 3271 τοῦ
618 3199 706 3277 Αῖας
735 3197 929 3292 διδασκαλίᾳ
959 3205 1198 3285 μεμαθῇκαμεν.

92 3321 112 3353 “
131 3312 246 3411 Χωρῖς
271 3311 306 3386 δὲ
326 3321 392 3387 τῶν
418 3313 607 3412 ούδετίριον”
631 3315 828 3413 πρόσκειται
855 3314 907 3386 διὰ
932 3314 975 3388 τὸ
999 3315 1062 3394 ούς.
1114 3316 1198 3388 Ἐὰν
1210 3340 1246 3400 25

94 3428 163 3528 γᾶρ
182 3430 265 3508 ὅλως
280 3428 436 3520 λάβωμεν
453 3434 553 3503 αὐτοῦ
569 3433 628 3515 τὴν
645 3434 808 3516 κλιπικῇν,
820 3433 881 3514 τὴν
898 3432 996 3514 αύτῇν
1012 3433 1081 3528 ἔχει
1099 3434 1198 3528 ὀρθὴν

94 3549 147 3618 καῖ
177 3547 329 3629 κλητικῇν
353 3553 401 3639 τῷ
430 3546 525 3639 λόγῳ
550 3553 615 3618 τῶν
635 3545 818 3644 ούδετέριον.
870 3544 925 3616 Τό
950 3543 1020 3642 γὰρ
1045 3544 1199 3644 ούδέτερα

93 3662 154 3744 ’τὴν
171 3661 270 3744 ούτῇν
286 3663 400 3758 ἔχουσι
426 3665 478 3733 καῖ
504 3663 657 3745 κλητικῇν
677 3662 729 3733 καῖ
758 3662 866 3758 ὀρθὴν,
891 3657 960 3732 οῖον
985 3658 1029 3733 τό
1055 3662 1148 3750 βῇμα
1173 3663 1200 3734 ῶ

95 3778 201 3862 βῇμα,
217 3775 260 3848 τό
277 3789 389 3874 τεῖχος
404 3778 431 3848 ῶ
446 3789 569 3875 τεῖχος.
612 3777 699 3849 Ἔτι
719 3776 767 3848 δεῖ
782 3781 975 3875 προσθεῖναι
995 3789 1015 3820 “
1028 3778 1080 3849 καῖ
1100 3779 1199 3877 χωρῖς

95 3901 158 3965 τοῦ
180 3893 289 3976 τούτ,”
305 3895 365 3977 τῇν
390 3895 488 3978 αύτῇν
514 3892 582 3990 γὰρ
607 3895 676 3990 ἔχει
703 3895 803 3990 όρθῇν
820 3895 872 3964 καί
898 3895 1063 3980 κλητικῇν,
1087 3892 1156 3967 οῖον
1178 3898 1248 3993 530

6 4009 176 4100 ιιγιπυύς
200 4011 228 4080 ιδ
250 4010 340 4092 τούς,
364 4009 415 4081 καί
443 4013 480 4081 ού
504 4021 594 4082 ποιεῖ
617 4011 716 4093 αύτῇν
733 4011 893 4104 ἀποβολῇ
917 4017 980 4083 τοῦ
1008 4043 1036 4084 τ.
1089 4020 1110 4055 “
1130 4013 1198 4084 Καί

97 4127 195 4223 χωρὶς
211 4130 273 4197 τοῦ
291 4123 363 4203 είς.”
414 4127 486 4198 Τοῦ
511 4125 580 4224 γὰρ
605 4125 648 4202 είς
671 4128 726 4196 ούιι
749 4125 823 4199 ἔστι
840 4126 927 4198 κατὰ
946 4129 1121 4216 ἆποβολῇν
1137 4135 1198 4200 τοῦ

100 4242 325 4326 τῆιιλιςτικῖι,
352 4242 430 4312 ἀλλ’
456 4241 521 4314 οὐδ’
547 4241 631 4319 ὅλως
656 4242 723 4338 ἔχει
748 4248 852 4314 τοῦτο
878 4247 1041 4328 κλητικῆν.
1093 4241 1198 4336 Λέγει

489 4495 504 4526 ⁸
518 4489 669 4556 Μετοχιιιῶν
683 4484 711 4540 in
725 4503 810 4558 marg.
