2954 5024
11 323 60 390 α’.
422 332 490 398 ΕΙΣ
511 335 567 398 ΤΟ
588 335 883 400 ΟΝΟΜΑΤΙΚΟΝ.
1137 345 1197 416 ²²7

72 502 131 582 εἷς
156 529 182 574 n
198 507 450 598 καταλήγουσα,
466 493 526 590 τῆς
541 493 692 591 κλητικῆς
708 507 752 586 εἷς
768 510 892 604 φωνῆεν
914 503 1089 599 ληγούσης·
1115 491 1199 579 ὅταν

76 617 166 718 γὰρ
181 621 293 717 εύριθῆ
311 622 354 698 εἷς
374 649 398 692 ιε
420 623 575 716 λήγουσα
597 623 616 705 ή
638 621 814 706 αἰτιατική,
831 619 902 693 οἷον
917 615 979 693 τδυ
1001 620 1198 706 Δημοσθένη

74 734 153 808 τὸν
181 734 342 822 Διομήδη,
369 738 438 834 ἔχει
467 735 528 821 τήν
556 737 710 821 κλητικήυ
739 739 783 814 εἰς
811 737 987 835 σύμφωνον
1015 740 1198 832 λήγουσαν,

77 849 165 924 οἷον
180 853 208 924 ιδ
223 851 430 937 Δημόσθενες
447 854 473 924 ιδ
489 851 659 937 Διόμηδες.
694 851 837 937 Ἐπειδή
854 849 907 926 οῦν
923 859 1041 938 ταῦτα,
1054 853 1141 954 φημὶ
1159 853 1197 939 δή

76 966 133 1042 τὰ
154 971 200 1046 εἷς
215 997 254 1041 τι
269 969 322 1041 καὶ
343 966 388 1041 τὰ
406 971 449 1048 εἰς
466 997 534 1054 m,
556 975 701 1042 ποιοῦσιν
712 971 773 1054 τήν
789 970 941 1054 κλητικήν
958 971 1119 1066 ἆτοβολῆ
1134 973 1224 1051 τοῦς

80 1113 116 1166 x,
148 1079 221 1155 οἷον
247 1083 273 1157 κύ
296 1079 396 1184 ταχύ,
421 1083 448 1157 ού
471 1083 589 1183 βραδῦ,
616 1083 643 1157 θ
666 1082 734 1180 ὀξύ,
759 1085 787 1157 ιδ
810 1083 936 1170 Πηλεῦ,
961 1087 987 1156 ὦ
1008 1083 1199 1184 'Aa-pem

75 1191 271 1296 Ἀχιλλεῦ,
287 1200 341 1272 καὶ
363 1203 406 1279 εἷς
428 1205 553 1298 φωνῆεν
577 1203 674 1294 λήγει
700 1202 720 1283 ή
744 1198 880 1285 κλητική
904 1199 960 1272 ε’τὶ
983 1200 1119 1286 τούτων,
1142 1195 1197 1286 δη-

78 1313 210 1389 λονότι
233 1317 272 1388 ού
292 1314 425 1390 δύναται
441 1321 460 1402 ή
477 1309 646 1402 αἰτιατική
667 1319 710 1396 εἷς
730 1348 754 1390 ε
778 1319 991 1412 καταλήγειν,
1015 1319 1093 1391 ούτε
1115 1313 1195 1416 παρ’

81 1435 166 1519 ήμΐν
195 1437 273 1508 υύτε
300 1433 393 1534 ταρᾶ
421 1427 494 1514 τοῖς
523 1433 720 1521 Ἀθηναίοις.
770 1430 841 1519 Τῆς
865 1431 921 1507 ούν
944 1437 1126 1520 αι’τιατικῆς
1149 1433 1196 1521 μή

82 1550 260 1638 δυναμένης
276 1554 319 1630 εἷς
336 1581 360 1624 α
376 1541 590 1648 καταλήγειν,
606 1553 736 1630 «lame
752 1547 824 1625 ούδέ
846 1554 864 1636 ή
885 1551 994 1648 γενική
1009 1559 1076 1626 τῶν
1089 1553 1243 1626 ἐνικῶντο

82 1669 132 1746 εἷς
150 1697 211 1740 οτι
229 1666 360 1742 δύναται
378 1673 611 1769 συναιρεῖσθαι.
663 1667 872 1766 Πρύσιιειται
893 1667 929 1742 δέ
950 1668 1004 1754 “ή
1023 1670 1102 1769 παρ’
1120 1671 1196 1754 ήμῖν

83 1782 106 1869 ῆ
130 1782 226 1884 παρὰ
249 1796 322 1865 ταῖς
346 1785 552 1873 Ἀθηναέοις”
567 1784 679 1872 ἐπειδή
699 1781 792 1884 ταρᾶ
816 1793 889 1866 τοῖς
911 1786 1092 1886 Δωριεῦσιν
1113 1783 1195 1886 εύρέ-

83 1931 212 1986 σκομεν
228 1903 272 1980 εἷς
288 1931 312 1975 n
328 1906 585 1997 καταλήγουσαν
605 1901 667 1987 τήν
689 1901 873 1988 αι’τιατικήν
894 1909 954 1989 τῆς
978 1909 1130 1987 κλητικῆς
1151 1903 1195 1981 εἷς

85 2022 217 2116 φωνῆεν
240 2019 415 2114 ληγούσης,
441 2015 511 2092 οἷον
534 2016 596 2094 τόν
622 2017 733 2092 Τυδέα
755 2016 818 2093 τόν
841 2017 932 2104 Τυδῆ
956 2017 984 2094 ιδ
1011 2017 1129 2109 Τυδεῦ,
1153 2020 1194 2099 ὧς

87 2135 170 2232 παρ’
186 2133 334 2234 Ὀυύνω
357 2139 412 2231 [11·
431 2134 471 2207 ‘5‘-
488 2137 582 2230 384]
1204 2165 1239 2228 ¹5

11 2248 40 2312 ’.6
55 2266 80 2312 ἃ
254 2260 306 2318 M
321 2259 377 2317 αὕτ’
389 2260 513 2336 δγγιλύην
526 2263 570 2317 ἐπὶ
582 2261 651 2332 Τυδῆ
665 2263 788 2318 ἔστειλαν
800 2258 910 2333 Ἀχαιοί.

88 2365 165 2438 ἀντὶ
190 2370 253 2438 τοῦ
277 2365 429 2462 ἄγγελον
450 2367 647 2441 ἐπέστειλαν
668 2365 730 2441 τδν
747 2365 867 2470 Τυδέα,
883 2365 927 2439 τδ
944 2364 1013 2464 γὰρ
1030 2363 1192 2462 ἆγγελύηυ

88 2479 242 2576 ἄγγελον
259 2481 391 2567 νοητέον
407 2484 559 2557 ἐνταῦθα.
611 2477 730 2556 Ταῦτα
746 2481 805 2568 μέν
820 2482 854 2555 έν
870 2484 1013 2560 τούτοις.

142 2597 191 2670 Τι’
211 2595 330 2694 (Ἔτι)
348 2598 383 2672 δὲ
398 2587 614 2672 ύτολεέτεται
632 2603 706 2684 ἡμῖν
723 2597 876 2700 ζητῆσαι,
892 2597 983 2672 διατέ
997 2597 1051 2670 ἐπὶ
1068 2601 1133 2670 τῶν
1149 2597 1192 2674 εἷς

91 2743 150 2786 ατε
174 2713 231 2799 μέν
247 2721 313 2788 τῶν
329 2715 474 2814 ἐχόντων
496 2717 743 2814 προηγούμενον
766 2717 941 2812 σύμφωνον
962 2714 999 2785 ού
1021 2715 1148 2808 γίνεται
1171 2714 1240 2796 ήοο

89 2835 204 2930 κρᾶσις
224 2833 257 2903 έν
275 2839 319 2928 τῇ
340 2837 458 2928 γενικῆ,
477 2828 546 2903 οἷον
564 2830 694 2916 Πηλεύς
712 2829 854 2914 Πηλέος,
870 2828 1051 2927 Ἀχιλλεύς
1067 2827 1192 2926 Ἀχιλ-

89 2949 178 3030 λέως,
201 2947 342 3048 Ἀτρεύς
363 2947 523 3047 Ἀτρέως,
546 2948 600 3020 έτὶ
627 2945 661 3020 δὲ
685 2952 752 3020 τῶν
776 2946 920 3046 ἐχόντων
945 2945 1191 3044 προηγούμενον

91 3069 214 3163 φωνῆεν
240 3067 365 3159 γίνεται
394 3069 510 3164 κρᾶσις
537 3063 624 3137 κατὰ
652 3064 713 3148 τήν
743 3063 868 3159 γενικήν
897 3061 976 3146 οἷον,
999 3059 1191 3160 Ἐρετριεὺς

89 3179 283 3278 Ἐρετριέως
304 3179 497 3280 Ἐρετρικῆς,
518 3177 689 3280 Πειραιεύς
706 3179 883 3278 Πειραιέως
900 3172 1073 3292 Πειραιῶς,
1092 3177 1191 3250 Στει-

91 3297 171 3396 ριεύς
203 3297 375 3397 Στιιριέως
409 3299 575 3396 Στειριῶς,
613 3297 667 3369 καὶ
705 3295 796 3370 διατύ
832 3293 901 3368 ἆτδ
938 3303 997 3380 τῆς
1028 3293 1236 3394 Ἀττικῆςας

93 3413 221 3507 γενικῆς,
240 3415 326 3513 φημὶ
348 3413 386 3498 δή
407 3423 465 3498 τῆς
486 3412 539 3487 διὰ
564 3419 627 3488 τοῦ
650 3413 741 3486 ικαὶ
758 3443 791 3498 α,
809 3413 940 3506 ἐγένετο
958 3414 977 3494 ή
994 3413 1119 3507 κρῦσις,
1135 3409 1188 3482 καὶ

93 3533 147 3602 αύκ
162 3529 228 3601 ἆτδ
245 3539 304 3615 τῆς
319 3539 421 3614 κοινῆς
439 3539 562 3624 γενικῆς
578 3539 637 3616 τῆς
654 3528 706 3603 διὰ
722 3535 784 3604 τοῦ
806 3528 895 3602 sxa}
914 3559 944 3599 ο.
989 3527 1119 3599 Ἔστιν
1135 3525 1190 3599 οῦν

92 3648 371 3740 ἀπολογήσασθαι
397 3647 506 3728 οὕτως·
534 3651 629 3720 τῦσα
656 3647 763 3742 γενική
789 3643 1017 3744 συναιρουμένη
1040 3643 1110 3745 ἔχει
1134 3643 1188 3717 καὶ

91 3764 149 3846 τήν
172 3764 352 3848 αι’τιατικήν
378 3763 636 3863 συναιρουμένην,
663 3763 819 3847 δηλονότι
848 3763 903 3835 ἐπὶ
933 3761 1106 3862 ἆρσενικῶν
1133 3761 1188 3835 καὶ

94 3884 237 3964 θηλυκῶν,
267 3879 336 3952 οΐον
366 3881 593 3965 Δημοσθένεος
623 3879 852 3965 Δημοσθένους
883 3877 944 3954 τδν
974 3878 1236 3971 Δημοσθένεα3ο

92 3993 149 4068 τδυ
172 3997 377 4083 Δημοσθένη,
402 3997 543 4091 εύγενέος
568 3997 712 4090 εύγενοῦς
737 3993 798 4067 τὸν
823 3994 952 4090 εύγενέα
979 3992 1041 4067 τδν
1065 3996 1187 4089 εύγενῆ,

95 4111 255 4210 Σοτφόος
273 4113 438 4212 Σαπφοῦς
458 4114 519 4198 τήν
537 4113 691 4211 Σαπφόα
713 4113 773 4197 τήν
791 4113 939 4212 Σαπφιδ,
960 4111 1096 4196 Λητόος
1114 4109 1187 4196 Λη-

94 4233 164 4306 τοῦς
189 4229 248 4311 τήν
275 4227 398 4312 Λητύα
426 4229 486 4312 τήν
513 4225 628 4313 Λητῶ.
681 4229 888 4329 Πρύσκειται
915 4240 938 4274 “
951 4229 1105 4315 δηλονότι
1131 4228 1186 4302 ε’τὶ

95 4345 258 4441 ἆρσενικῶν
273 4345 325 4417 καὶ
344 4347 501 4430 θηλυκῶν”
521 4344 573 4418 διὰ
590 4343 634 4419 τῦ
653 4347 815 4445 οῦδέτερα.
858 4345 970 4420 Ἐστι
988 4343 1057 4444 γᾶρ
1073 4355 1186 4443 τεῖχος

95 4463 292 4560 τείχους,κοῖ
317 4461 385 4537 ι’δοῦ
408 4467 427 4548 ή
449 4464 558 4558 γενική
582 4473 793 4563 συναιρεῐται,
809 4464 863 4537 καὶ
883 4461 968 4551 ὅμως
984 4465 1003 4547 ή
1019 4461 1210 4553 αἰτιατικῆς
1215 4493 1232 4556 5

586 4596 679 4666 aga
