2958 5018
409 293 475 354 ειν
498 293 554 354 το
577 289 867 358 ονοιιιιιικου.
1125 285 1184 368 289

71 463 280 543 νομοθέτου.
333 457 600 560 Πρόσκειταιδέ
625 474 646 504 “
656 462 733 558 παρ’
760 461 853 544 ’W’
868 457 977 541 ἐπειδὴ
1003 451 1186 534 οίΑίολεῖς

74 575 258 674 Δράκουος
283 579 444 673 εἰρήκασιν
469 579 522 649 έπί
547 583 609 649 τοῦ
637 577 744 674 κυρίου
768 577 940 660 ὀνόματος,
957 574 1011 645 έπί
1037 571 1106 672 γάρ
1126 580 1187 646 τοῦ

77 693 202 790 θηρίου
217 691 268 764 καί
286 691 378 765 αύτοί
396 691 572 791 δράκοντος
588 693 737 786 λέγουσι.
790 692 1015 776 Σημειούμεθα
1033 688 1067 761 δέ
1088 691 1121 760 ἐν
1136 696 1185 780 τῷ

72 807 196 877 κανόνι
220 807 329 897 τούτῳ
352 805 395 879 τδ
414 805 532 880 Λάκων
550 805 716 893 Λάκωνος,
732 814 835 880 τοῦτο
861 805 928 903 γὰρ
954 808 1032 903 ἕχον
1050 803 1187 889 θηλυκδυ

76 919 139 992 διὰ
166 928 228 994 τοῦ
253 952 345 1006 Am,
363 919 432 994 οίου
456 921 617 1006 Λάκαινα,
641 925 677 994 ού
701 925 845 994 κλίνεται
869 920 921 993 διά
950 927 1011 992 τοῦ
1037 949 1089 1006 υτ,
1115 919 1210 1005 ούδέ5

73 1036 159 1133 γὰρ
174 1038 332 1131 λέγονται
351 1035 534 1122 Λάκουτος,
552 1036 643 1109 ἀλλὰ
663 1035 816 1116 Λάκωνος
841 1033 893 1108 διὰ
918 1043 980 1108 τοῦ
997 1067 1029 1120 ο,
1046 1037 1122 1135 περί
1148 1037 1187 1108 οδ

72 1153 182 1224 ἔστιν
198 1155 307 1236 εἰπεῖν,
323 1153 377 1226 ότι
402 1152 566 1248 ὑπάγεται
589 1155 642 1225 καί
667 1160 716 1246 τῷ
741 1153 963 1250 τρολεχθέντι
988 1152 1094 1224 κανόνι
1119 1157 1185 1223 τῶν

73 1271 354 1366 ὑποκοριστικῶν.
415 1268 472 1340 Τὰ
503 1268 571 1368 γὰρ
601 1272 644 1346 είς
669 1299 715 1340 nu
744 1264 981 1366 ύποκοριστικὰ
1004 1265 1185 1364 προσθέσει

74 1389 151 1454 τοῦ
180 1413 220 1454 ου
246 1390 377 1456 ποιοῦσι
402 1387 462 1468 τὴν
490 1385 624 1478 γενικὴν,
649 1385 701 1454 καί
729 1381 943 1482 φυλάττουσι
973 1381 1017 1455 τδ
1047 1413 1078 1466 ο,
1106 1378 1185 1466 οἷον,

78 1498 295 1596 Βακχυλίδης
318 1497 460 1597 Βάκχων
477 1498 666 1596 Βάκχωνος,
690 1497 866 1583 Σιμωνίδης
893 1498 1003 1582 Σίμων
1030 1498 1234 1584 Σίμωνος,ιο

81 1613 315 1697 Μιτυληναῖος
352 1615 472 1688 Μίτυν
506 1616 671 1693 Μέτωνος·
717 1615 817 1692 ούτως
851 1612 904 1684 οδν
938 1613 989 1684 καί
1026 1609 1185 1686 Λακεδαι·

79 1731 199 1812 μόνιος
234 1728 352 1802 Λάκων
387 1729 551 1810 Λάκωνος.
600 1728 792 1824 ’Υπάγεται
827 1729 879 1799 καί
913 1735 961 1820 τῷ
993 1730 1088 1821 λόγῳ
1121 1735 1186 1801 τῶν

79 1847 226 1917 ἐθνικῶν·
251 1844 296 1918 τὰ
314 1844 382 1943 γὰρ
399 1849 442 1924 εἰς
454 1877 500 1918 ου
517 1845 624 1920 έθνικὰ
641 1847 822 1944 προσθέσει
840 1850 901 1916 τοῦ
919 1873 959 1914 ου
976 1851 1109 1917 ποιοῦσι
1127 1847 1186 1929 τὴν

81 1962 223 2053 γενικὴν,
253 1961 304 2032 καί
333 1964 362 2032 εί
389 1959 447 2044 μέν
475 1959 644 2055 ὀξύνουται
673 1961 833 2059 τρέπουσι
860 1956 903 2030 τδ
929 1989 950 2030 ο
976 1962 1019 2038 είς
1042 1991 1061 2031 ο
1087 1961 1120 2031 έν
1143 1967 1187 2056 τῇ

81 2083 206 2170 γενικῇ,
224 2077 293 2148 οἷον
309 2077 430 2149 Αύσιδν
447 2076 606 2159 Αύσόνος,
626 2074 773 2169 Μυγδιδν
791 2073 979 2168 Μυγδόνος,
998 2073 1103 2147 Σιδιδν
1127 2075 1186 2148 Σι-
1198 2101 1231 2164 15

86 2192 192 2276 35⁹⁰&
214 2195 269 2285 [IL
288 2191 343 2286 θ’·
363 2194 452 2286 743·]

250 2321 307 2375 ἐπεί
320 2321 421 2377 Σιδόνες
433 2317 621 2376 πολυδαίδαλοι
634 2321 761 2388 ἤσκησαν.

84 2427 118 2494 εί
148 2422 185 2494 ,δέ
212 2425 420 2522 βαρύνονται,
455 2420 669 2522 φυλάττουσι
703 2420 746 2493 τδ
773 2451 795 2492 ο
824 2423 856 2491 έν
883 2427 926 2515 τῇ
960 2428 1077 2516 γενικῇ,
1105 2421 1185 2504 οἷον,

85 2538 213 2608 Μύκων
229 2537 398 2620 Μίκωνος,
416 2538 552 2610 Καύκων
570 2537 741 2616 Καύκωνος
763 2543 817 2629 [ΙΙ.
834 2536 873 2608 κ’.
890 2538 982 2629 429·]

249 2665 290 2718 καί
305 2666 413 2737 Λέλεγες
427 2666 468 2720 καί
483 2662 615 2722 Καύκωνες
627 2665 679 2720 δῖοί
694 2665 748 2736 (τε)
764 2663 910 2736 Πελασγοί,
1198 2702 1235 2742 20

89 2772 203 2844 Κύδων
221 2773 379 2853 Κύδωνες·
396 2775 496 2852 οὕτως
516 2774 569 2846 οὗν
585 2777 637 2846 καί
657 2772 776 2846 Λάκων
794 2771 961 2850 Λάκωνος.
1002 2775 1064 2842 Δεῖ
1079 2802 1187 2868 προσ-

88 2895 199 2972 θεῖναι,
224 2893 323 2988 χωρίς
349 2898 409 2964 τοῦ
437 2891 555 2964 Κίκων·
582 2897 686 2964 τοῦτο
715 2887 795 2988 γὰρ,
819 2889 905 2987 φημί
932 2887 970 2972 δὴ
994 2885 1037 2959 τδ
1068 2885 1185 2969 Κίκων,

87 3007 195 3102 κύριον
216 3007 274 3090 μὲν
294 3003 331 3077 δν
361 3005 527 3104 φυλάττει
553 3006 596 3079 τδ
622 3038 643 3079 ο
670 3009 702 3078 έν
723 3012 766 3102 τῇ
793 3011 910 3101 γενικῇ,
937 3002 1006 3077 οίον
1033 3003 1185 3086 Κίκωνος,

87 3120 209 3194 ἐθνικδν
226 3121 260 3194 δέ
276 3122 313 3194 δν
329 3124 443 3219 τρέπει
460 3121 503 3196 τδ
521 3153 542 3194 ο
560 3126 603 3201 είς
619 3121 662 3194 τδ
681 3155 700 3194 ο
719 3125 806 3217 ἕντῇ
825 3125 945 3216 γενικῇ,
959 3121 1029 3192 οῖον
1041 3119 1185 3202 Κίκονες,

88 3241 128 3314 ὡς
144 3237 235 3336 παρὰ
251 3245 299 3330 τῷ
316 3247 449 3334 ποιητῇ,
473 3242 552 3332 [Οδ.
572 3238 603 3310 ι’.
620 3241 692 3330 47.]
1198 3266 1232 3323 25

250 3366 368 3420 Κικόνεσι
381 3367 514 3437 γεγόνευν.

90 3465 159 3536 Καί
175 3464 287 3548 πάλιν,
310 3469 390 3560 [Od.
408 3468 439 3538 ι’.
457 3470 525 3560 39.]

178 3625 181 3630 ι
251 3593 358 3647 Ἰλιόθεν
371 3615 403 3662 με
417 3591 505 3664 φέρων
517 3592 609 3662 ἄνεμος
622 3595 743 3648 Κικόνεσι
756 3593 902 3647 πέλασσεν.

86 3700 168 3774 Ἔτι
194 3702 242 3774 δεῖ
265 3709 466 3801 προσθεῖναι,
489 3704 541 3774 καί
567 3705 667 3801 χωρίς
691 3709 753 3775 τοῦ
776 3701 916 3786 Μέμνων
934 3699 1115 3783 Μέμνονος,
1133 3701 1184 3772 καί

92 3814 170 3888 αι’τδ
188 3817 255 3914 γὰρ
272 3819 394 3891 ε’θνικόν
410 3821 494 3900 ἐστι,
508 3820 560 3890 καί
577 3821 694 3904 ὁμοίως
710 3821 824 3919 τρέπει
841 3815 884 3891 τδ
902 3848 923 3888 ο
941 3820 984 3895 είς
999 3811 1043 3888 τδ
1061 3847 1080 3888 ο
1098 3818 1185 3914 έντῇ
1194 3845 1234 3903 30

93 3939 207 4026 γενικῇ,
223 3932 336 4032 ὥσπερ
353 3936 405 4006 καί
422 3934 465 4007 τὸ
482 3937 589 4032 κύριον
605 3936 719 4018 ὄνομα.
772 3934 891 4005 Ταῦτα
907 3933 966 4018 μέν
982 3933 1015 4004 έν
1031 3932 1172 4011 τούτοις.

140 4048 200 4131 Μὴ
223 4051 402 4134 νομίσωμεν
418 4049 453 4121 δέ
477 4051 698 4123 ἐναντιοῦσθαι
725 4057 774 4142 τῷ
798 4050 903 4122 κανόνι
929 4049 973 4122 τὸ
998 4050 1117 4142 γείτων
1131 4049 1184 4120 καί

92 4164 220 4250 τέκτων,
237 4166 292 4238 ὅτι
312 4167 426 4263 ἔχουσι
448 4164 585 4250 θηλυκὸν
602 4166 654 4238 διά
679 4174 740 4238 τοῦ
765 4197 856 4249 Am,
875 4163 943 4236 οίον
960 4165 1109 4258 γείταινα
1132 4166 1184 4234 καί

92 4280 251 4366 τέκταινα,
275 4284 327 4354 καί
359 4285 395 4354 ού
420 4283 565 4354 κλίνεται
601 4281 652 4354 διὰ
681 4288 744 4354 τοῦ
774 4311 828 4369 ατ,
856 4282 1005 4374 γείτονος
1034 4276 1103 4376 γάρ
1131 4280 1184 4350 καί

93 4397 249 4475 τέκτονος.
297 4397 430 4471 Ἰστέου
447 4397 481 4469 δὲ
498 4398 551 4470 ὅτι
574 4405 684 4470 ταῦτα
709 4395 799 4470 κοινά
820 4400 883 4470 εἶσι
900 4399 948 4487 τῷ
965 4395 1062 4489 γένει,
1078 4393 1148 4465 οίον
1164 4395 1230 4480 δ35

605 4535 665 4600 ¹’P
