2966 5014
411 345 478 405 ειν
499 343 556 405 το
577 337 869 406 ουοιικτικου.
1135 355 1194 427 ¹33

123 510 261 609 Ἀξιον
283 511 319 584 δὲ
342 507 430 585 ἔστί
443 505 597 612 ζητῆσαι,
622 511 713 585 θιατί
736 513 781 596 μὴ
805 513 950 606 λέγομεν
973 513 993 584 ό
1020 499 1110 611 Ᾰρῆς
1136 519 1198 586 τοῦ

84 631 189 726 Δροῦ,
207 630 268 700 καί
289 631 309 699 6
332 627 423 726 Τρῆς
438 635 501 701 τοῦ
518 627 622 726 Τροῦ,
639 627 753 726 ὐίσπερ
776 629 797 698 6
819 627 947 726 Ἐρμῆς
971 635 1033 700 τοῦ
1054 627 1196 726 Ἐρμοῦ,

82 745 133 815 ίνα
150 746 197 828 μίς
217 747 333 842 εὑρεθῇ
349 741 547 842 παράλογος
564 745 671 838 γενικὴ
689 746 732 822 είς
750 773 772 814 ιε
789 749 1048 838 κατολῆγυνσο;
1067 743 1198 818 Ἔστιν

85 859 139 931 οῦν
155 865 274 944 εἰπεῖν,
292 862 346 932 ότι
364 864 459 932 πᾶσα
477 862 580 932 εὐθεῖα
602 861 859 948 μονοσύλλαβος
876 859 1111 950 ίσοσνλλόβευς
1126 871 1198 933 κλι·

59 979 214 1060 Ᾰνομένη,
239 978 401 1070 ἀποβολῇ
424 982 486 1048 τοῦ
509 1005 526 1046 τ
548 977 609 1059 τὴν
635 976 760 1069 γενικίην
786 975 957 1060 ἀποτελεῖ,
975 976 1044 1048 οἷον
1067 979 1086 1048 6
1108 977 1221 1074 Γρᾶς5

85 1100 147 1162 τοῦ
164 1092 257 1189 Γρᾶ,
277 1091 364 1182 (ἔστι
383 1091 417 1162 66
434 1092 537 1176 ὄνομα
558 1093 690 1188 κύριον,)
715 1091 733 1160 6
751 1089 844 1168 Χνᾶς
859 1097 922 1163 τοῦ
938 1091 1025 1175 Χνᾶ,
1044 1091 1145 1184 (οῦτιυ
1162 1091 1197 1166 66

87 1209 231 1301 ’ἕλε’γετο
258 1209 277 1279 6
302 1205 486 1304 Ἀγήνωρ)
504 1209 523 1278 6
545 1213 614 1284 νοῦς
630 1213 692 1278 τοῦ
714 1213 777 1286 νοῦ,
794 1208 813 1277 6
835 1210 909 1303 ῥοῦς
928 1213 991 1279 τοῦ
1006 1211 1077 1305 ῥοῦ,
1096 1209 1197 1287 αὐτας

89 1323 142 1394 οῦν
158 1324 214 1396 καί
234 1327 254 1394 6
274 1325 364 1421 Δρῆς
379 1329 442 1394 τοῦ
459 1325 542 1420 Δρῆ,
559 1324 612 1394 καί
630 1325 649 1393 6
667 1321 758 1419 Τρῆς
774 1328 835 1393 τοῦ
852 1322 937 1420 Τρῆ,
954 1319 1197 1414 μονοσύλλαβα

90 1438 156 1536 γὰρ
174 1443 255 1524 εἶσί,
272 1441 325 1511 καί
350 1438 584 1528 ίσοσυλλιίβιυς
605 1440 781 1522 κλίνονται,
798 1439 853 1510 καί
876 1437 1028 1522 δηλονότι
1054 1440 1197 1534 εὐλόγως

91 1557 256 1650 ἀποβολῇ
277 1561 340 1627 τοῦ
360 1585 378 1626 2
401 1561 534 1626 ποιοῦσι
559 1555 620 1636 τὴν
642 1557 777 1646 γενικήν.
830 1552 1037 1650 Πρόσκειται
1063 1567 1084 1598 “
1097 1585 1245 1638 μονα-ιο

91 1672 269 1759 συλλαβος
291 1673 425 1755 εὐθεῖο,”
442 1669 494 1742 θιᾶ
519 1668 562 1741 τὸ
586 1667 714 1766 Ἐρμῆς
737 1667 877 1764 Ἑρμοῦ·
906 1675 1010 1740 τοῦτο
1034 1667 1102 1765 γὰρ
1126 1673 1199 1741 ι’σο-

92 1784 275 1875 συλλόβιυς
291 1787 447 1871 κλίνεται,
463 1787 516 1857 καί
534 1789 571 1857 οὐ
591 1797 680 1857 ποιεῖ
694 1786 855 1880 ἀποβολῇ
871 1792 933 1858 τοῦ
950 1817 968 1858 2
984 1789 1044 1871 τίην
1062 1793 1197 1881 γενικήν·

95 1899 163 1971 οὐδὲ
188 1899 262 1998 γὰρ
287 1902 431 1994 λέγομεν
454 1909 517 1973 τοῦ
538 1901 662 1998 Ἑρμῆ,
685 1899 775 1972 ἀλλὰ
797 1907 860 1972 τοῦ
879 1901 1021 2002 Ἑρμοῦ·
1045 1904 1122 1974 ἀλλ’
1142 1905 1199 1974 οὐκ

95 2014 166 2085 ἔστι
201 2017 460 2104 μονοσύλλαβος
494 2021 512 2100 ἡ
546 2019 660 2100 εὐθεῖα,
691 2017 767 2087 ἀλλ’
796 2013 876 2114 ῦπέρ
905 2021 983 2103 μίαν
1011 2022 1197 2109 συλλαβήν.

33 2131 60 2213 67
73 2125 215 2202 ίιΤαῦτο
233 2131 294 2215 μὲν
310 2135 342 2202 ἐν
358 2135 500 2211 τούτοις.
936 2179 938 2186 <
1211 2161 1244 2222 15

147 2242 381 2332 Διαλαμβόυει
407 2245 441 2317 66
470 2247 489 2316 6
519 2243 666 2344 τεχνικός
690 2248 767 2344 περὶ
796 2253 862 2320 τῶν
887 2251 930 2325 είς
956 2277 999 2318 ατ
1023 2253 1089 2319 τῶν
1117 2245 1198 2344 ὑπὲρ

101 2359 172 2437 μίαν
197 2361 385 2448 συλλαβὴν,
405 2361 513 2454 λέγων
538 2361 647 2440 οῦτιυς·
682 2372 704 2410 “
719 2355 774 2434 T6
800 2366 844 2441 είς
866 2393 909 2434 ατ
929 2364 1099 2461 βαρύτονα
1125 2365 1200 2446 ίαμ·

102 2473 189 2561 βικᾶ,
204 2478 253 2560 μὴ
269 2479 391 2574 ἔχοντα
409 2478 461 2548 ἐπ’
478 2478 597 2556 εὐθείας
613 2476 656 2549 τό
672 2507 702 2560 τ,
720 2481 762 2556 είς
779 2509 839 2551 του
856 2481 969 2577 ἔχουσι
985 2480 1046 2563 τὴν
1062 2480 1199 2572 γενικὴν,

104 2586 167 2661 υίον
187 2595 292 2682 λέβης
311 2595 468 2682 λέβητος,
488 2591 607 2691 Λόχης
625 2592 798 2692 Λάχητος,
816 2597 910 2679 πίνης
926 2597 1074 2680 πένητος,
1091 2591 1199 2679 τόπης

104 2703 259 2794 τάπητος,
276 2707 400 2794 πλόνης
416 2707 597 2794 πλάνητος,
615 2709 750 2807 Τρόμης
768 2710 974 2808 Τρόμητος.”
1014 2709 1113 2781 Οὐτω
1130 2711 1198 2809 γὰρ
1210 2743 1247 2784 ιο

104 2819 238 2916 ἐλέγετο
260 2828 279 2897 6
303 2827 416 2924 πατὴρ
438 2825 605 2922 Αἰσχίνου
627 2833 689 2896 τοῦ
712 2829 865 2922 ῥήτορος.
917 2837 938 2866 “
951 2824 1015 2900 Είς
1033 2827 1095 2894 ατ”
1112 2823 1200 2897 εἶπεν

107 2933 153 3006 διὰ
176 2939 239 3019 τὰς
264 2940 370 3018 ἄλλος
394 2940 598 3035 καταλήξεις,
624 2939 693 3012 οίου
719 2939 772 3014 θιὰ
797 2937 841 3012 τὸ
868 2938 967 3016 θόος.
1017 2938 1105 3010 ’1606
1128 2939 1199 3042 γὰρ

105 3059 201 3128 τοῦτο
233 3055 344 3129 πάντα
372 3059 440 3154 ἔχει
470 3055 515 3128 τὰ
544 3063 608 3130 τοῦ
631 3057 771 3141 κανόνος,
796 3056 954 3129 τουτέστι
982 3057 1200 3155 ’(βαρύτονον

108 3168 255 3258 Ῑαμβικὸν
270 3173 323 3243 καί
345 3175 389 3256 μὴ
406 3175 484 3270 ἕχον
502 3175 552 3244 ἐπ’
570 3175 688 3250 εὐθείας
704 3171 747 3244 τὸ
764 3175 813 3256 τ,”
830 3173 907 3243 ἀλλ’
924 3171 1032 3256 ε’πειύίη
1049 3176 1086 3246 οὐ
1102 3181 1199 3270 λήγει

109 3284 146 3359 εἷς
161 3315 214 3373 nx,
233 3290 271 3358 οὐ
289 3289 432 3360 κλίνεται
451 3286 503 3360 616
526 3293 671 3387 καθαροῦ
694 3295 757 3360 τοῦ
778 3317 850 3374 mox,
870 3287 961 3359 ἀλλὰ
987 3286 1039 3360 θιᾶ
1064 3297 1127 3361 τοῦ
1147 3321 1199 3374 m,
1211 3317 1246 3378 25

109 3395 252 3480 θύοντος
277 3403 357 3503 γάρ.
410 3403 616 3503 Πρόσκειται
644 3417 664 3448 “
677 3405 874 3502 βαρύτονα,”
900 3403 952 3510 616
977 3402 1023 3474 τὰ
1050 3403 1201 3497 όξύτονα,

111 3511 172 3588 θίαν
193 3519 246 3592 διὰ
270 3520 313 3592 τό
336 3523 447 3619 σοφίης
472 3529 614 3620 σαφοῦς·
648 3528 753 3593 τοῦτο
778 3518 845 3617 γὰρ
871 3517 1023 3606 ἰαμβικὸν
1040 3519 1132 3590 ἐστίν
1149 3520 1203 3590 καί

112 3631 160 3702 οὐκ
182 3639 250 3733 ἔχει
276 3637 326 3706 ἐπ’
345 3639 464 3714 εὐθείας
480 3637 523 3709 τό
543 3667 573 3720 τ,
590 3637 643 3708 καί
664 3637 749 3720 ὅμως
765 3639 808 3712 είς
826 3663 886 3706 αττ
902 3635 970 3730 ἔχει
989 3635 1050 3717 τὴν
1067 3636 1201 3728 γενικὴν,

114 3755 233 3846 σαφοῦς
267 3750 345 3849 γάρ·
380 3753 457 3824 ἀλλ’
492 3755 547 3823 οὐκ
584 3754 657 3823 ἔστι
693 3751 888 3849 βαρύτονον,
923 3751 1001 3821 ἀλλ’
1034 3749 1201 3846 όξύτονον..

116 3855 310 3958 Πρόσκειται
325 3866 427 3939 πόλιν
440 3877 463 3910 “
474 3865 734 3965 βαρύτυνα,”θιὰ
751 3864 797 3938 τὰ
815 3869 1056 3964 περισπώμενα,
1071 3865 1251 3955 010v31630

113 3972 151 4044 τὸ
163 3979 273 4065 θαλίης
286 3981 412 4053 θολοῦ.
441 3981 648 4079 Πρόσκειται
663 3991 685 4023 “
697 3979 855 4070 ίαμβικὰ”
869 3979 920 4051 διὰ
937 3979 982 4054 τὰ
996 3982 1203 4066 σπονθειακὰ,

118 4095 180 4189 περί
201 4099 242 4168 οῦν
263 4095 334 4192 ἑξῆς
356 4097 472 4180 με’λλει
489 4099 612 4191 λέγειν,
630 4095 699 4168 οἷον
715 4095 767 4168 θιᾶ
784 4095 827 4168 τὸ
844 4093 980 4195 Χρύσης
996 4097 1136 4196 Χρύσου
1151 4099 1204 4169 καί

119 4201 229 4306 Ξέρξης
250 4210 386 4309 Ξέρξου.
439 4214 646 4312 Πρόσκαται
664 4225 684 4256 “
697 4214 741 4297 μὴ
758 4215 881 4310 ἔχοντα
903 4214 951 4282 ἐπ’
972 4215 1092 4290 εὐθείας
1108 4212 1150 4285 τὸ
1167 4215 1206 4284 τ”

121 4317 163 4393 διὰ
178 4327 219 4398 τὸ
235 4330 331 4412 θύτης
349 4331 457 4412 θύτου,
475 4331 527 4400 καί
545 4329 642 4412 θότης
659 4327 767 4401 θύτου.
805 4325 923 4400 Ταῦτα
940 4327 997 4411 μὲν
1014 4330 1047 4399 ἐν
1063 4330 1205 4405 τούτοις.

162 4439 354 4527 Σημειοῦται
380 4447 399 4515 ὁ
427 4443 574 4542 τεχνικός
600 4443 643 4517 τό
672 4445 771 4529 κόμης
797 4446 909 4528 κόμου,
935 4444 987 4514 καί
1014 4445 1091 4536 γύης
1116 4444 1232 4535 γῦου,3
1237 4470 1253 4531 5
