2958 5018
24 311 73 378 3‘.
413 319 481 380 ΕΙΣ
503 321 560 381 ΤΟ
582 319 877 382 ONOMATIKON.
1130 332 1193 402 317

58 485 365 577 μονοσυλλᾶβοις,
381 490 504 560 τούτου
520 487 620 587 χοίριν
635 487 764 587 ἔτρεψε
782 489 825 561 τὸ
851 495 976 588 φωνῆεν
992 483 1059 572 τῆςΙ
1071 491 1190 567 εύθείας

60 607 104 676 ἐν
123 611 176 700 τῇ
198 612 318 699 γενικῆ.
369 603 469 677 Οίίτω
486 604 554 703 γὰρ
577 607 630 676 καί
647 603 691 678 τὸ
707 606 804 703 φρὴν,
822 607 862 682 ὡς
886 605 987 688 μόνον
1010 605 1111 688 μόνου
1134 610 1191 688 θη-

62 730 184 793 λυκοῦ
210 723 321 815 γένους
343 721 467 820 εὑρεθὲν
483 723 516 792 ἐν
531 731 603 799 τοῖς
629 725 671 799 είς
693 753 740 794 εις
765 720 1044 810 μονοσυλλύβοις,
1061 715 1191 818 ἔτρεφε

63 836 118 908 τὸ
149 845 280 935 φωνῆεν
300 845 359 920 τῆς
384 837 502 914 εὐθείας
527 839 559 908 ἐν
581 843 625 932 τῆ
652 844 772 933 γενικῆ,
796 835 865 910 οίον
888 836 1017 936 φρενὸς,
1038 837 1190 915 ὡσαύτως

66 954 131 1024 καί
151 953 199 1026 τὸ
218 954 319 1051 χθιὴν,
335 957 375 1031 ιὀς
390 955 491 1036 μόνον
515 958 653 1037 θηλυκοῆ
678 954 788 1047 γένους
808 953 932 1052 εὑρεθὲν
949 955 981 1024 ἐν
997 963 1068 1030 τοῖς
1085 955 1128 1031 είς
1145 971 1217 1034 nus

68 1068 365 1158 μονοσυλλᾶβοις,
388 1066 517 1166 ἔτρεφε
542 1068 586 1140 τὸ
612 1099 633 1141 ο
660 1072 703 1147 είς
733 1069 775 1142 τὸ
804 1101 823 1140 ο
851 1071 884 1140 ἐν
908 1076 951 1163 τῆ
980 1076 1100 1164 γενικῆ,
1121 1066 1190 1141 οίον

71 1186 220 1283 χθονός.
271 1185 320 1256 Εί
336 1185 371 1256 δέ
385 1217 437 1262 τις
453 1185 551 1270 είποι,
568 1186 620 1256 κοί
639 1185 727 1257 θιατί
747 1186 790 1257 τιὴ
812 1186 870 1283 κὴρ
891 1187 947 1256 ούκ
963 1184 1118 1282 ε’ξηηέχθη
1136 1184 1188 1257 θιᾶ

72 1307 146 1372 τοῦ
165 1331 186 1372 ιι
203 1299 289 1371 κατὰ
314 1301 374 1383 τὴν
391 1301 529 1393 γενικὴν,
546 1299 659 1398 ὥσπερ
684 1301 727 1373 τὸ
754 1303 842 1399 φρὴν
863 1300 994 1398 φρενὸς,
1019 1297 1110 1370 ἀλλὰ
1137 1298 1189 1370 διὰ

74 1424 146 1490 τοῦ
165 1447 199 1499 ι,
218 1415 287 1488 οἷον
302 1417 420 1513 κορός;
445 1416 588 1510 λέγομεν
606 1417 659 1488 ὅτι
678 1419 733 1488 ούκ
749 1417 881 1510 ἐγένετο
904 1415 990 1488 κατὰ
1008 1416 1190 1489 ἀκόλουθον

76 1534 209 1617 κλίσιν,
226 1529 317 1603 εἰλλᾶ
334 1529 419 1603 κατὰ
436 1531 606 1616 ποιητικὴν
623 1533 790 1616 συστολὴν
808 1531 859 1604 διὰ
876 1539 938 1604 τοῦ
956 1563 987 1616 ιι,
1006 1529 1075 1604 οίον
1205 1557 1239 1596 ¹0

252 1657 299 1713 τίω
313 1656 342 1713 δέ
354 1679 398 1728 μιν
411 1662 440 1714 ἐν
453 1658 529 1730 καρὸς
543 1655 615 1727 αἶση.

74 1765 197 1862 Ὅπερ
213 1763 266 1834 καί
284 1760 336 1834 διὰ
352 1767 414 1833 τοῦ
430 1789 452 1832 ει
471 1763 650 1859 εὑρίσκεται
667 1763 864 1849 κλινόμενον,
882 1760 952 1835 οίον

253 1890 363 1962 μίκορις
378 1888 529 1962 (μάρτυροι)
544 1885 591 1948 οὓς
602 1891 637 1961 μὴ
651 1892 726 1964 κῆρες
738 1892 801 1956 ἔβαν
814 1892 935 1947 θανάτοιο
948 1892 1089 1966 φέρουσαι.

140 2003 260 2076 Ταῦτα
285 2001 342 2086 μὲν
367 2003 441 2099 περί
467 2007 532 2074 τῶν
555 2005 597 2080 είς
622 2031 665 2074 αν
686 2000 958 2092 μουοσυλλύβωυ·
985 2002 1030 2076 τὰ
1054 2003 1089 2076 δέ
1109 2005 1191 2104 ὑπὲρ

87 2122 168 2206 μίαν
185 2121 358 2208 συλλαβὴν
375 2123 417 2197 είς
435 2148 479 2190 ιιυ
494 2123 646 2212 λήγοντα
663 2115 813 2212 ὀξύτονα,
831 2121 860 2190 εί
880 2119 938 2203 μὲν
957 2121 1072 2216 έχουσι
1095 2120 1139 2193 τὸ
1159 2151 1191 2208 τ,
1204 2151 1214 2190 ι
1222 2149 1239 2210 5

88 2233 304 2334 φυλάττουσι
321 2233 364 2306 τίν
382 2263 404 2305 ιι
422 2237 454 2306 ίν
470 2241 514 2329 τῆ
530 2241 649 2329 γενικῆ,
667 2235 736 2306 οἷον
751 2237 877 2332 λουτὴρ
894 2244 1064 2334 λουτῆρας,
1079 2238 1191 2335 σωτὴρ

89 2359 250 2448 σωτῆρος,
283 2351 439 2448 καμπτὴρ
472 2359 675 2449 καμπτῆρος,
706 2353 829 2449 ὅλετὴρ
862 2355 1031 2450 ὀλετῆρος,
1064 2351 1191 2453 ξυστὴρ

90 2467 263 2565 ξυστῆρος,
291 2467 427 2565 γενετὴρ
457 2475 639 2565 γενετῆρος,
673 2467 797 2565 ελοτὴρ
831 2469 1003 2566 ἐλατῆρος,
1039 2470 1127 2560 (ἔστι
1158 2469 1192 2542 δὲ

91 2582 175 2661 εἶδος
203 2589 416 2659 πλακοῦντος·
452 2583 597 2666 σημαίνει
628 2582 662 2654 δὲ
690 2585 742 2654 καί
777 2583 839 2656 τὸυ
868 2587 998 2683 ἡνίοχον
1027 2585 1119 2684 παρὰ
1148 2586 1191 2658 τὸ

93 2701 257 2796 ἐλαύνειν.)
294 2700 356 2769 Δεῖ
370 2703 574 2796 προσθεῖναι,
592 2699 692 2796 χωρίς
706 2706 768 2770 τοῦ
784 2701 896 2797 πατὴρ
914 2703 1070 2799 πατέρος,
1082 2703 1190 2800 ἀστὴρ
1202 2733 1241 2772 20

94 2817 243 2914 ἀστέρος·
268 2822 375 2888 ταῦτα
394 2813 461 2911 γὰρ
479 2815 591 2910 ἔχουσι
614 2812 658 2886 τὸ
678 2845 708 2898 τ,
725 2815 777 2885 καὶ
802 2817 962 2912 τρέπουσι
988 2815 1030 2888 τὸ
1050 2847 1072 2887 ιι
1090 2819 1132 2894 είς
1148 2817 1191 2889 τὸ

98 2964 118 3004 ιι
141 2935 171 3004 ἐν
190 2939 231 3027 τῆ
252 2939 370 3027 γευικῆ·
395 2930 440 3002 τὰ
467 2929 502 3001 δὲ
525 2931 569 3014 μὴ
595 2931 717 3026 ἔχοντα
742 2929 786 3002 τὸ
808 2961 828 3002 τ
848 2933 1009 3030 τρέπουσι
1034 2929 1077 3003 τὸ
1102 2962 1124 3004 ιι
1149 2935 1192 3010 είς

98 3045 139 3120 τὸ
165 3079 184 3120 ιι
208 3051 240 3118 έυ
266 3055 308 3141 τῆ
340 3053 459 3141 γενικῆ,
490 3043 558 3116 οἷον
587 3047 683 3144 αίθὴρ
713 3046 852 3145 αίθέρος,
884 3050 946 3147 ἀὴρ
976 3048 1081 3146 ἀέρος,
1111 3048 1191 3146 θαὴρ

100 3163 207 3262 δαίρος
236 3167 255 3235 ὁ
289 3161 527 3261 ίινθροίθελφος,
557 3163 635 3257 ἆυὴρ
665 3163 788 3260 ἀνέρος,
823 3165 922 3261 χωρίς
955 3172 1017 3236 τοῦ
1049 3167 1191 3262 σπινθὴρ

100 3285 281 3376 σπινθῆρος,
311 3282 362 3349 καί
395 3277 560 3373 Ἐλευθὴρ
588 3275 797 3376 Ἐλευθῆρος,
826 3279 1003 3376 (Ἐλευθὴρ
1033 3279 1068 3350 δέ
1100 3283 1240 3370 ε’στιυα5

101 3397 198 3478 ὄνομα
221 3396 353 3492 κύριον)
378 3400 486 3466 ταῦτα
510 3390 577 3488 γὰρ
599 3394 643 3475 μὴ
668 3392 792 3488 ἔχοντα
817 3391 861 3464 τὸ
883 3424 903 3464 τ
921 3393 1089 3490 ἐφύλαξαν
1106 3393 1148 3466 τιὴ
1168 3425 1190 3466 n

102 3513 133 3582 ἕν
147 3519 187 3604 τῇ
203 3517 320 3604 γενικῆ.
368 3509 643 3600 Ἀτολογοῦνι-ιιι
668 3507 702 3578 δὲ
724 3508 804 3606 ὑπὲρ
822 3511 937 3593 αὐτῶν,
954 3510 1044 3602 λέγω
1061 3509 1094 3580 δὲ
1110 3508 1192 3607 ὑπὲρ

102 3634 159 3698 τοῦ
180 3627 289 3722 πατὴρ
312 3627 466 3722 πατέρος,
489 3625 541 3723 καί
567 3625 677 3721 ἀστὴρ
697 3625 849 3723 ἀστέρος,
867 3625 919 3695 καί
937 3626 1079 3722 σπινθὴρ
1097 3657 1194 3698 στιν-

24 3753 88 3816 5οα
105 3749 203 3842 θῆρας,
227 3744 279 3814 καί
305 3743 468 3839 Ἐλευθὴρ
492 3741 690 3839 Ἐλευθῆρος
716 3741 826 3819 οὕτως·
851 3738 895 3813 τὰ
919 3745 963 3818 είς
980 3772 1023 3812 υς
1040 3740 1192 3836 ὀξύτουα,

105 3858 166 3930 ἀπὸ
190 3861 371 3929 ἐνεστώτων
397 3857 560 3949 γινόμενα,
582 3857 741 3954 τρέπουσι
767 3858 810 3930 τὸ
835 3889 857 3930 ει
877 3859 909 3928 έν
926 3863 969 3953 τῆ
987 3864 1105 3953 γενικὴ,
1124 3859 1243 3948 οίουηο

106 3973 188 4071 παρὰ
211 3972 253 4046 τὸ
279 3972 354 4058 ἄνω,
379 3971 422 4045 τὸ
448 3984 604 4056 σημαῖνον
629 3973 672 4044 τὸ
697 3975 788 4060 ἆνύω,
815 3975 940 4066 γίνεται
968 3975 1046 4071 ἀνὴρ
1072 3974 1193 4070 ἆνέρος,

108 4087 275 4186 οὐδὲνγὰρ
302 4091 558 4186 ἆυυστικιύτερον
582 4095 644 4161 τοῦ
674 4089 797 4188 ἀνδρὸς,
823 4092 875 4160 καὶ
906 4087 1010 4161 πάλιν
1033 4088 1125 4186 παρὰ
1149 4088 1193 4159 τιὴ

109 4203 166 4276 θύω
179 4203 219 4276 τὸ
236 4215 393 4288 σημαῖνον
407 4205 450 4277 τὸ
469 4209 624 4298 γινώσκω,
639 4206 764 4298 γίνεται
783 4206 864 4306 δαὴρ
882 4207 1005 4304 δαέρος,
1022 4205 1073 4274 καί
1092 4200 1195 4274 πάλιν

109 4320 188 4418 παρὰ
211 4319 255 4393 τὸ
280 4321 361 4394 α’ίθω
385 4319 428 4392 τί)
453 4323 531 4392 καίω
553 4322 678 4414 γίνεται
702 4324 798 4420 αι’θὴρ
816 4323 954 4418 αἰθέρος,
972 4321 1066 4391 οἱονεί
1084 4321 1103 4389 ὁ
1120 4351 1194 4389 καυ-

112 4438 218 4523 στικὸς,
236 4439 287 4511 καί
305 4437 408 4511 πάλιν
424 4437 515 4536 παρὰ
531 4437 574 4512 τὸ
592 4442 656 4511 αὔω
673 4437 716 4511 τὸ
734 4449 890 4523 σημαῖνον
906 4435 948 4509 τὸ
967 4436 1050 4508 πνέω
1067 4437 1193 4528 γίνεται
1204 4469 1241 4530 35
