2954 5020
411 353 477 413 ΕΙΣ
499 351 555 413 ΤΟ
577 349 870 414 ONOMATIKON.
1146 351 1184 414 61

98 528 233 620 καθαροῦ
258 527 321 594 τοῦ
346 551 387 593 ox
411 522 627 606 κλινόμενον,”
649 518 701 591 όιά
724 517 768 590 τό
790 527 870 598 ποῦς
894 519 1006 606 ποδός,
1026 523 1078 593 καί
1104 524 1189 601 κτείς

96 639 210 716 κτενός·
249 644 357 710 ταῦτα
386 636 454 734 γὰρ
484 638 539 707 οὐκ
568 633 715 734 ε’φύλαξε
739 633 800 707 τόν
829 637 950 734 χρόνον
978 645 1036 721 τῆς
1069 639 1189 716 εὐθείας

95 757 142 826 καί
164 756 257 848 ἕντῇ
278 757 398 848 γενικῇ,
423 757 522 846 ἤγουν
541 753 602 834 τὴν
626 748 763 848 μακράν,
784 751 862 823 ἀλλ’
883 754 920 824 οὐ
944 753 1108 826 κλίνονται
1135 752 1188 826 θιά

93 874 233 968 καθαροῦ
257 875 320 940 τοῦ
345 897 395 950 οι,
412 866 503 938 ἀλλά
527 866 578 939 όιά
602 871 788 966 συμφώνου.
824 867 873 939 Εἰ
889 866 942 940 οὐν
957 867 1000 940 τό
1017 869 1094 948 Ζεύς
1111 873 1189 948 είςι

93 991 196 1079 λήγει,
213 985 266 1057 καί
283 985 540 1074 μονοσύλλαβον
557 986 641 1068 ἐστὶ,
654 983 706 1055 καί
724 982 890 1080 όξύτονον,
906 986 958 1056 καί
977 982 1028 1056 όιά
1045 992 1214 1085 καθαροῦ5

95 1109 151 1172 τοῦ
178 1132 219 1173 οι
248 1102 402 1184 κλίνεται,
428 1102 556 1199 ὀφείλει
582 1100 658 1178 Ζεὺς
683 1097 760 1172 εἶναι
786 1099 871 1172 κατὰ
893 1101 954 1184 τίιν
980 1103 1115 1194 γενικὴν,
1136 1105 1189 1176 ’ίνα

96 1217 225 1314 φυλάξῃ
256 1216 318 1291 τάν
341 1218 463 1316 χρόνον
491 1225 550 1300 τῆς
578 1217 696 1294 εὐθείας
718 1216 769 1287 καὶ
796 1217 828 1286 έν
850 1222 893 1310 τῇ
918 1222 1037 1312 γενικῇ.
1085 1218 1187 1290 Ἀλλ’

95 1335 198 1419 ἐπειδὴ
214 1333 262 1406 τά
279 1337 322 1412 είς
339 1365 395 1406 σοι
413 1329 650 1421 ἀποβάλλουσι
676 1330 719 1403 τό
742 1363 761 1402 τ
781 1329 867 1402 κατὰ
891 1332 952 1415 τὴν
968 1333 1104 1426 γενικὴν,
1122 1333 1191 1407 οίον

96 1450 217 1533 Πηλεύς
236 1451 383 1535 Πηλέως,
401 1448 581 1546 Ἀχιλλεὺς
599 1447 799 1544 Ἀχιλλέως,
824 1449 944 1520 τούτου
968 1447 1066 1547 χάριν
1091 1455 1192 1547 ἡναγ-

95 1564 212 1667 κάζετο
238 1565 318 1645 Ζεάς
344 1564 421 1638 εἶναι
451 1562 536 1636 κατὰ
562 1564 623 1648 τὴν
645 1565 770 1657 γενικὴν
786 1564 838 1636 καί
865 1563 1075 1653 ἀποβάλλειν
1095 1567 1139 1640 τό
1161 1599 1239 1643 'Mo

96 1681 229 1756 Τούτων
258 1680 311 1753 οὐν
330 1687 397 1754 τῶν
421 1679 475 1752 θύο
497 1678 634 1750 κανόνων
656 1679 857 1775 μαχομένων,
882 1678 934 1750 καί
958 1687 1022 1751 τοῦ
1044 1680 1102 1765 μέν
1124 1681 1192 1763 ένάς

95 1799 312 1873 ἀπαιτούντος
338 1793 573 1893 φυλάττεσθαι
603 1792 647 1866 τό
673 1823 691 1864 τ
719 1792 805 1865 κατὰ
830 1795 890 1877 τὴν
920 1795 1045 1888 γενικὴν
1069 1795 1121 1868 θιά
1148 1797 1192 1870 τό

95 1917 304 2012 φυλαχθῆναι
326 1911 388 1984 τόν
404 1911 526 2008 χρόνον
541 1917 601 1994 τῆς
625 1909 744 1987 εὐθείας
765 1909 817 1980 καί
843 1911 876 1981 έν
892 1916 935 2005 τῇ
956 1919 1075 2008 γενικῇ,
1092 1919 1192 2008 ἤγουν

94 2031 150 2112 τὴν
165 2027 305 2128 μακράν,
322 2035 385 2101 τοῦ
409 2027 444 2100 δὲ
462 2029 575 2127 ἑτέρου
597 2027 817 2105 ἀπαιτοῦντος
833 2025 1094 2116 ἀποβάλλεσθαι
1111 2029 1155 2103 τό
1173 2061 1192 2103 τ

97 2142 144 2216 διά
168 2145 212 2218 τὸ
238 2143 284 2217 τά
306 2148 349 2223 εἷς
372 2175 439 2228 ατε,
458 2147 498 2223 ὡς
522 2144 657 2240 εἴρηται,
683 2139 894 2230 ἀποβάλλειν
917 2140 961 2214 τό
982 2172 1002 2214 τ
1022 2142 1107 2232 κατὰ
1132 2147 1238 2228 τῆνῐ5

98 2263 228 2353 γενικὴν,
252 2262 375 2334 τοίπου
398 2258 497 2359 χάριν
521 2256 706 2352 ἀπόλειψιν
731 2262 750 2341 η’
776 2258 863 2341 κοινὴ
887 2259 1005 2344 κλίσις,
1029 2261 1082 2330 καί
1105 2291 1192 2360 παρ-

96 2383 243 2461 εισῆλθεν
259 2381 277 2460 ἧ
294 2383 359 2449 τῶν
376 2377 533 2449 Βοιωτῶν
548 2377 663 2458 κλίσις,
682 2375 734 2445 καὶ
752 2375 872 2468 γέγονε
889 2375 979 2452 Διός.

142 2494 198 2580 Τά
216 2497 262 2572 εἷς
277 2525 315 2565 τι
331 2488 465 2590 τριγενῆ
488 2491 540 2564 διὰ
560 2497 621 2563 τοῦ
647 2521 708 2562 σοι
732 2491 908 2575 κλίνονται,
927 2491 996 2564 οίον
1011 2492 1116 2591 ταχύς
1130 2525 1193 2568 το·

96 2610 177 2704 χέας,
206 2609 287 2686 οὐκύς
314 2609 419 2690 ὐκέος,
447 2607 575 2706 βραχὺς
604 2606 760 2704 βραχέος,
789 2605 911 2705 βραδὺς
938 2607 1088 2707 βραδέος,
1119 2609 1193 2706 όξύς

97 2722 194 2819 ὀξέος,
217 2723 290 2808 ἧθύς
314 2723 412 2807 ἧθέος,
437 2729 518 2808 θῆλυ
547 2727 672 2807 θήλεος,
695 2724 807 2807 ἧμίσνι·
832 2725 972 2806 ἡμίσεος·
997 2733 1132 2821 τριγενῆ
1158 2725 1240 2799 όύῦο

96 2851 172 2911 νοεῖν
189 2839 250 2922 θεῖ,
265 2839 442 2912 τουτέστιν
457 2837 512 2910 έάν
527 2840 630 2936 ἔχωσι
655 2836 699 2910 τὰ
717 2839 795 2937 τρία
814 2839 903 2932 γένη,
924 2837 1008 2928 (οἷον
1024 2838 1191 2936 ἀρσενικόν

30 2961 60 3029 57
74 2954 231 3038 θθηλυκάν
249 2953 427 3052 οὐθέτερον,
444 2957 484 3032 ὡς
504 2955 558 3025 ε’πί
581 2959 643 3027 τοῦ
660 2953 731 3036 ἧθύς
747 2953 834 3038 ἡδεῖα
850 2954 903 3025 καί
919 2951 962 3025 τό
980 2953 1034 3036 ἧόύ
1051 2954 1190 3040 παιδίον,

96 3073 113 3142 ό
140 3071 247 3170 ταχύς
273 3076 291 3155 ἦ
317 3082 437 3169 ταχεῖα
466 3071 518 3142 καί
546 3069 589 3144 τά
618 3071 707 3168 παχὺ
735 3069 875 3154 παιδίον,
906 3069 1027 3168 βραδὺς
1052 3071 1191 3170 βραδεῖα

96 3185 209 3282 βραόύ,
237 3185 321 3281 όξεὶς
343 3185 432 3280 ὀξεῖα
458 3185 525 3281 όξύ,
549 3192 646 3270 θῆλυς
671 3191 784 3270 θήλεια
812 3191 904 3271 θῆλυ,
927 3185 1040 3270 ἥμισυς
1063 3188 1191 3273 bulcem

96 3300 217 3398 ἦμισυ,)
244 3301 303 3373 κάν
331 3303 451 3400 ἔχωσιν
479 3300 648 3400 ἀρσενικόν
675 3303 775 3387 μόνον
805 3301 857 3372 καί
891 3300 1059 3399 οὐθέτερον
1088 3305 1190 3397 γένος,
1203 3327 1238 3390 25

97 3418 160 3490 οἷον
173 3417 281 3496 πολύς
293 3417 390 3501 πολύ,
402 3417 455 3502 ἠῢς
467 3416 513 3502 ἧύ,
527 3418 686 3510 (σημαίνει
700 3415 735 3489 ἀὲ
746 3415 807 3489 τάν
820 3415 989 3514 ἀνδρεῖον)
1002 3424 1109 3488 ταῦτα
1123 3415 1192 3516 γάρ

97 3535 148 3605 οὐκ
163 3537 281 3632 έχουσι
300 3531 431 3618 θηλυκά.
466 3533 673 3631 Πρόσκειται
691 3535 875 3633 “τριγενῆ”
891 3531 943 3604 θιά
961 3530 1005 3604 τά
1022 3541 1192 3627 μονογενῆ,

97 3655 192 3744 ι’ίγουν
210 3648 264 3723 όιά
283 3648 327 3722 τό
352 3650 476 3748 βότρυς
500 3650 643 3748 βότρυος
666 3649 719 3720 καί
742 3647 787 3722 τά
811 3649 920 3732 ὅμοια,
936 3655 1045 3721 ταῦτα
1066 3647 1135 3750 γάρ
1158 3651 1195 3722 οὐ

97 3769 261 3841 κλίνονται
279 3764 332 3837 ὃιά
348 3773 409 3838 τοῦ
426 3796 483 3838 nox
506 3768 546 3844 ὡς
569 3767 642 3850 μετ’
659 3765 778 3859 όλίγαν
795 3763 962 3849 εἰσόμεθα.
1015 3765 1143 3840 Ἰστέον
1161 3765 1195 3842 όὲ

99 3883 148 3956 θτι
165 3889 275 3956 ταῦτα
291 3881 337 3954 τά
354 3883 397 3959 εἷς
411 3909 449 3952 τι
465 3890 599 3979 τριγενῆ
616 3879 668 3952 διὰ
685 3887 746 3954 τοῦ
760 3911 779 3954 ιε
793 3882 845 3952 καί
864 3913 882 3953 ο
899 3882 1002 3966 μόνως
1018 3883 1194 3968 κλίνονται,
1205 3917 1244 3976 30

99 3997 164 4070 οίον
178 3998 305 4096 ταχέας
320 3995 460 4094 βραδέος
475 3997 623 4094 βραχέος
640 3995 742 4091 ὀξέος,
760 3998 816 4068 οὐκ
832 3997 1049 4070 ε’τεκτείνουσι
1067 3998 1101 4071 δὲ
1116 3999 1160 4072 τό
1179 4031 1198 4072 ο

101 4115 139 4191 είς
154 4113 197 4187 τὸ
215 4145 238 4185 ο
256 4113 428 4195 Ἀττικῶς,
446 4113 486 4190 ὡς
501 4110 545 4184 τά
563 4112 693 4196 Πηλεὺς
710 4111 858 4198 Πηλέως,
874 4113 1056 4212 Ἀχιλλεὺς
1070 4115 1198 4214 Ἀχιλ·

101 4229 185 4308 λέως·
213 4229 286 4301 οὐδέ
310 4226 379 4327 γάρ
400 4228 545 4321 γίνονται
570 4229 721 4327 βραχέως
743 4227 797 4300 καί
819 4230 946 4328 ταχέως
962 4231 1013 4302 καί
1032 4229 1128 4326 ὀξέως
1143 4233 1197 4304 καί

102 4345 207 4426 ὠκέως,
226 4341 278 4415 διὰ
303 4349 366 4415 τοῦ
386 4373 406 4414 ιι
426 4343 478 4414 καί
502 4373 524 4414 ο
549 4342 634 4416 κατὰ
657 4346 717 4429 τὴν
733 4349 868 4438 γενικήν.
921 4345 991 4416 Καὶ
1014 4343 1107 4441 ἀξιον
1123 4347 1198 4418 ἐστὶ

105 4455 241 4554 ζητῆσαι
260 4458 312 4530 διὰ
330 4459 426 4530 ποίαν
443 4459 550 4548 αἰτίαν
567 4459 611 4532 τά
637 4464 680 4538 εἷς
703 4491 740 4532 τι
765 4469 900 4559 τριγενῆ
923 4459 975 4534 όιά
991 4467 1054 4534 τοῦ
1071 4493 1090 4534 ιε
1107 4463 1159 4534 καί
1178 4493 1246 4554 ⁰35
