<?xml version="1.0" encoding="UTF-8"?>
<!DOCTYPE html PUBLIC "-//W3C//DTD XHTML 1.0 Transitional//EN"
    "http://www.w3.org/TR/xhtml1/DTD/xhtml1-transitional.dtd">
<html xmlns="http://www.w3.org/1999/xhtml" xml:lang="en" lang="en">
 <head>
  <title>
</title>
<meta http-equiv="Content-Type" content="text/html;charset=utf-8" />
  <meta name='ocr-system' content='tesseract 3.04.00' />
  <meta name='ocr-capabilities' content='ocr_page ocr_carea ocr_par ocr_line ocrx_word'/>
</head>
<body>
  <div class='ocr_page' id='page_1' title='image "./georgiichoerobo00choegoog_0172.png"; bbox 0 0 2954 5020; ppageno 0'>
   <div class='ocr_carea' id='block_1_1' title="bbox 383 309 1164 392">
    <p class='ocr_par' dir='ltr' id='par_1_1' title="bbox 383 309 1164 392">
     <span class='ocr_line' id='line_1_1' title="bbox 383 309 1164 392; baseline 0 -22"><span class='ocrx_word' id='word_1_1' title='bbox 383 311 452 370; x_wconf 68' lang='grc' dir='ltr'>μιν</span> <span class='ocrx_word' id='word_1_2' title='bbox 472 311 528 371; x_wconf 82' lang='grc' dir='ltr'>το</span> <span class='ocrx_word' id='word_1_3' title='bbox 550 309 842 372; x_wconf 75' lang='grc' dir='ltr'>οαομκτικου.</span> <span class='ocrx_word' id='word_1_4' title='bbox 1103 321 1164 392; x_wconf 81' lang='lat'>115</span> 
     </span>
    </p>
   </div>
   <div class='ocr_carea' id='block_1_2' title="bbox 14 473 1221 3698">
    <p class='ocr_par' dir='ltr' id='par_1_2' title="bbox 52 473 1164 677">
     <span class='ocr_line' id='line_1_2' title="bbox 52 473 1164 578; baseline 0.004 -30"><span class='ocrx_word' id='word_1_5' title='bbox 52 477 128 556; x_wconf 75' lang='grc' dir='ltr'>Καὶ</span> <span class='ocrx_word' id='word_1_6' title='bbox 162 473 270 550; x_wconf 85' lang='grc' dir='ltr'>πάλιν</span> <span class='ocrx_word' id='word_1_7' title='bbox 304 475 378 576; x_wconf 75' lang='grc' dir='ltr'>δρῦε</span> <span class='ocrx_word' id='word_1_8' title='bbox 412 476 505 578; x_wconf 81' lang='grc' dir='ltr'>δρυὸς</span> <span class='ocrx_word' id='word_1_9' title='bbox 527 476 640 575; x_wconf 77' lang='grc' dir='ltr'>δρυσὶν</span> <span class='ocrx_word' id='word_1_10' title='bbox 668 478 786 562; x_wconf 73' lang='grc' dir='ltr'>ὁμοίως</span> <span class='ocrx_word' id='word_1_11' title='bbox 814 475 868 552; x_wconf 79' lang='grc' dir='ltr'>διὰ</span> <span class='ocrx_word' id='word_1_12' title='bbox 903 481 1164 564; x_wconf 85' lang='grc' dir='ltr'>συνεσταλμένου</span> 
     </span>
     <span class='ocr_line' id='line_1_3' title="bbox 53 602 180 677; baseline -0.031 -7"><span class='ocrx_word' id='word_1_13' title='bbox 53 602 119 670; x_wconf 90' lang='grc' dir='ltr'>τοῦ</span> <span class='ocrx_word' id='word_1_14' title='bbox 145 625 180 677; x_wconf 86' lang='grc' dir='ltr'>τ,</span> 
     </span>
    </p>

    <p class='ocr_par' dir='ltr' id='par_1_3' title="bbox 47 692 1215 1730">
     <span class='ocr_line' id='line_1_4' title="bbox 387 692 813 768; baseline 0.005 -18"><span class='ocrx_word' id='word_1_15' title='bbox 387 695 549 768; x_wconf 75' lang='grc' dir='ltr'>παρδδρυσδ</span> <span class='ocrx_word' id='word_1_16' title='bbox 562 695 686 768; x_wconf 70' lang='grc' dir='ltr'>καλπαρδ</span> <span class='ocrx_word' id='word_1_17' title='bbox 697 692 813 752; x_wconf 79' lang='grc' dir='ltr'>πεῦκαιε.</span> 
     </span>
     <span class='ocr_line' id='line_1_5' title="bbox 55 821 1164 918; baseline 0.003 -25"><span class='ocrx_word' id='word_1_18' title='bbox 55 824 184 896; x_wconf 87' lang='grc' dir='ltr'>Ταῦτα</span> <span class='ocrx_word' id='word_1_19' title='bbox 202 821 238 895; x_wconf 79' lang='grc' dir='ltr'>δὲ</span> <span class='ocrx_word' id='word_1_20' title='bbox 252 823 397 896; x_wconf 79' lang='grc' dir='ltr'>καθόλου</span> <span class='ocrx_word' id='word_1_21' title='bbox 413 823 590 895; x_wconf 78' lang='grc' dir='ltr'>συστέλλει</span> <span class='ocrx_word' id='word_1_22' title='bbox 610 821 654 896; x_wconf 86' lang='grc' dir='ltr'>τδ</span> <span class='ocrx_word' id='word_1_23' title='bbox 670 853 689 895; x_wconf 83' lang='grc' dir='ltr'>τ</span> <span class='ocrx_word' id='word_1_24' title='bbox 705 825 738 894; x_wconf 81' lang='grc' dir='ltr'>ἐν</span> <span class='ocrx_word' id='word_1_25' title='bbox 753 829 798 918; x_wconf 74' lang='grc' dir='ltr'>τῇ</span> <span class='ocrx_word' id='word_1_26' title='bbox 813 821 925 918; x_wconf 76' lang='grc' dir='ltr'>δοτικῇ</span> <span class='ocrx_word' id='word_1_27' title='bbox 939 828 1006 896; x_wconf 87' lang='grc' dir='ltr'>τῶν</span> <span class='ocrx_word' id='word_1_28' title='bbox 1021 829 1164 908; x_wconf 90' lang='grc' dir='ltr'>πληθυν-</span> 
     </span>
     <span class='ocr_line' id='line_1_6' title="bbox 54 935 1189 1036; baseline 0.002 -26"><span class='ocrx_word' id='word_1_29' title='bbox 54 944 169 1011; x_wconf 79' lang='grc' dir='ltr'>τικῶν.</span> <span class='ocrx_word' id='word_1_30' title='bbox 225 937 295 1009; x_wconf 76' lang='grc' dir='ltr'>Καὶ</span> <span class='ocrx_word' id='word_1_31' title='bbox 320 939 412 1032; x_wconf 89' lang='grc' dir='ltr'>λέγει</span> <span class='ocrx_word' id='word_1_32' title='bbox 438 935 681 1036; x_wconf 80' lang='grc' dir='ltr'>α’Ἠρωδιανόε</span> <span class='ocrx_word' id='word_1_33' title='bbox 705 939 805 1036; x_wconf 73' lang='grc' dir='ltr'>χωρὶς</span> <span class='ocrx_word' id='word_1_34' title='bbox 823 945 886 1010; x_wconf 90' lang='grc' dir='ltr'>τοῦ</span> <span class='ocrx_word' id='word_1_35' title='bbox 906 945 965 1019; x_wconf 73' lang='grc' dir='ltr'>μῦς</span> <span class='ocrx_word' id='word_1_36' title='bbox 979 937 1058 1024; x_wconf 79' lang='grc' dir='ltr'>μνὸε</span> <span class='ocrx_word' id='word_1_37' title='bbox 1072 940 1189 1025; x_wconf 77' lang='grc' dir='ltr'>μυσῦ,5</span> 
     </span>
     <span class='ocr_line' id='line_1_7' title="bbox 55 1052 1165 1154; baseline -0.001 -27"><span class='ocrx_word' id='word_1_38' title='bbox 55 1061 166 1128; x_wconf 90' lang='grc' dir='ltr'>τοῦτα</span> <span class='ocrx_word' id='word_1_39' title='bbox 187 1052 256 1152; x_wconf 76' lang='grc' dir='ltr'>γάρ</span> <span class='ocrx_word' id='word_1_40' title='bbox 272 1052 438 1154; x_wconf 75' lang='grc' dir='ltr'>φυλάττει</span> <span class='ocrx_word' id='word_1_41' title='bbox 455 1054 498 1128; x_wconf 80' lang='grc' dir='ltr'>τὸ</span> <span class='ocrx_word' id='word_1_42' title='bbox 515 1085 545 1142; x_wconf 85' lang='grc' dir='ltr'>τ,</span> <span class='ocrx_word' id='word_1_43' title='bbox 562 1054 677 1152; x_wconf 76' lang='grc' dir='ltr'>φησὶν,</span> <span class='ocrx_word' id='word_1_44' title='bbox 695 1055 907 1140; x_wconf 76' lang='grc' dir='ltr'>ἐκτεταμένον</span> <span class='ocrx_word' id='word_1_45' title='bbox 928 1057 961 1126; x_wconf 87' lang='grc' dir='ltr'>έν</span> <span class='ocrx_word' id='word_1_46' title='bbox 984 1061 1029 1150; x_wconf 74' lang='grc' dir='ltr'>τῇ</span> <span class='ocrx_word' id='word_1_47' title='bbox 1052 1053 1165 1151; x_wconf 81' lang='grc' dir='ltr'>δοτικῇ</span> 
     </span>
     <span class='ocr_line' id='line_1_8' title="bbox 56 1169 1164 1262; baseline 0.001 -19"><span class='ocrx_word' id='word_1_48' title='bbox 56 1177 124 1243; x_wconf 83' lang='grc' dir='ltr'>τῶν</span> <span class='ocrx_word' id='word_1_49' title='bbox 141 1175 381 1253; x_wconf 74' lang='grc' dir='ltr'>πληθυντικῶν.</span> <span class='ocrx_word' id='word_1_50' title='bbox 431 1169 676 1260; x_wconf 82' lang='grc' dir='ltr'>Λαμβάνονται</span> <span class='ocrx_word' id='word_1_51' title='bbox 694 1169 729 1242; x_wconf 80' lang='grc' dir='ltr'>δέ</span> <span class='ocrx_word' id='word_1_52' title='bbox 750 1173 838 1262; x_wconf 78' lang='grc' dir='ltr'>αῦτῷ</span> <span class='ocrx_word' id='word_1_53' title='bbox 854 1169 947 1254; x_wconf 79' lang='grc' dir='ltr'>τινές,</span> <span class='ocrx_word' id='word_1_54' title='bbox 962 1171 1005 1242; x_wconf 80' lang='grc' dir='ltr'>ῶν</span> <span class='ocrx_word' id='word_1_55' title='bbox 1021 1172 1094 1244; x_wconf 86' lang='grc' dir='ltr'>έστι</span> <span class='ocrx_word' id='word_1_56' title='bbox 1111 1173 1164 1244; x_wconf 77' lang='grc' dir='ltr'>καὶ</span> 
     </span>
     <span class='ocr_line' id='line_1_9' title="bbox 47 1284 1165 1386; baseline 0.003 -29"><span class='ocrx_word' id='word_1_57' title='bbox 47 1287 161 1386; x_wconf 76' lang='grc' dir='ltr'>Ὦρος</span> <span class='ocrx_word' id='word_1_58' title='bbox 193 1289 213 1358; x_wconf 85' lang='grc' dir='ltr'>ὁ</span> <span class='ocrx_word' id='word_1_59' title='bbox 243 1285 483 1384; x_wconf 72' lang='grc' dir='ltr'>γραμματικὸς,</span> <span class='ocrx_word' id='word_1_60' title='bbox 515 1287 673 1380; x_wconf 75' lang='grc' dir='ltr'>λέγοντες</span> <span class='ocrx_word' id='word_1_61' title='bbox 704 1284 855 1370; x_wconf 77' lang='grc' dir='ltr'>μηδαμοῦ</span> <span class='ocrx_word' id='word_1_62' title='bbox 886 1287 1089 1384; x_wconf 74' lang='grc' dir='ltr'>εὑρίσκεσθαι</span> <span class='ocrx_word' id='word_1_63' title='bbox 1121 1285 1165 1361; x_wconf 82' lang='grc' dir='ltr'>τά</span> 
     </span>
     <span class='ocr_line' id='line_1_10' title="bbox 57 1399 1167 1500; baseline -0.001 -25"><span class='ocrx_word' id='word_1_64' title='bbox 57 1406 159 1488; x_wconf 74' lang='grc' dir='ltr'>μυσὶν</span> <span class='ocrx_word' id='word_1_65' title='bbox 177 1404 258 1500; x_wconf 80' lang='grc' dir='ltr'>ἔχον</span> <span class='ocrx_word' id='word_1_66' title='bbox 273 1401 317 1475; x_wconf 80' lang='grc' dir='ltr'>τῦ</span> <span class='ocrx_word' id='word_1_67' title='bbox 332 1433 352 1475; x_wconf 81' lang='grc' dir='ltr'>τ</span> <span class='ocrx_word' id='word_1_68' title='bbox 367 1403 589 1488; x_wconf 73' lang='grc' dir='ltr'>ἐκτεταμένον,</span> <span class='ocrx_word' id='word_1_69' title='bbox 606 1402 684 1472; x_wconf 76' lang='grc' dir='ltr'>ἀλλ’</span> <span class='ocrx_word' id='word_1_70' title='bbox 703 1403 779 1474; x_wconf 81' lang='grc' dir='ltr'>οῦτε</span> <span class='ocrx_word' id='word_1_71' title='bbox 801 1399 836 1472; x_wconf 82' lang='grc' dir='ltr'>δέ</span> <span class='ocrx_word' id='word_1_72' title='bbox 859 1403 958 1498; x_wconf 78' lang='grc' dir='ltr'>φύσει</span> <span class='ocrx_word' id='word_1_73' title='bbox 983 1411 1167 1475; x_wconf 86' lang='grc' dir='ltr'>συνεσταλ-</span> 
     </span>
     <span class='ocr_line' id='line_1_11' title="bbox 58 1515 1215 1616; baseline 0 -26"><span class='ocrx_word' id='word_1_74' title='bbox 58 1520 169 1602; x_wconf 84' lang='grc' dir='ltr'>μένον·</span> <span class='ocrx_word' id='word_1_75' title='bbox 191 1519 377 1616; x_wconf 80' lang='grc' dir='ltr'>ιῦρέσκομεν</span> <span class='ocrx_word' id='word_1_76' title='bbox 393 1518 427 1590; x_wconf 82' lang='grc' dir='ltr'>δέ</span> <span class='ocrx_word' id='word_1_77' title='bbox 444 1517 535 1602; x_wconf 82' lang='grc' dir='ltr'>αιἰτδ,</span> <span class='ocrx_word' id='word_1_78' title='bbox 553 1516 639 1615; x_wconf 67' lang='grc' dir='ltr'>φημὶ</span> <span class='ocrx_word' id='word_1_79' title='bbox 657 1515 695 1600; x_wconf 69' lang='grc' dir='ltr'>δὴ</span> <span class='ocrx_word' id='word_1_80' title='bbox 711 1515 754 1589; x_wconf 83' lang='grc' dir='ltr'>τὸ</span> <span class='ocrx_word' id='word_1_81' title='bbox 770 1518 878 1602; x_wconf 73' lang='grc' dir='ltr'>μυσὶν,</span> <span class='ocrx_word' id='word_1_82' title='bbox 890 1518 969 1616; x_wconf 76' lang='grc' dir='ltr'>ἕχον</span> <span class='ocrx_word' id='word_1_83' title='bbox 983 1516 1027 1592; x_wconf 80' lang='grc' dir='ltr'>τὸ</span> <span class='ocrx_word' id='word_1_84' title='bbox 1043 1549 1063 1590; x_wconf 82' lang='grc' dir='ltr'>τ</span> <span class='ocrx_word' id='word_1_85' title='bbox 1079 1521 1168 1591; x_wconf 86' lang='grc' dir='ltr'>ε’κτε-</span> <span class='ocrx_word' id='word_1_86' title='bbox 1178 1550 1215 1590; x_wconf 81' lang='grc' dir='ltr'>ια</span> 
     </span>
     <span class='ocr_line' id='line_1_12' title="bbox 58 1632 967 1730; baseline 0 -25"><span class='ocrx_word' id='word_1_87' title='bbox 58 1635 209 1718; x_wconf 86' lang='grc' dir='ltr'>ταμένον</span> <span class='ocrx_word' id='word_1_88' title='bbox 223 1634 276 1705; x_wconf 75' lang='grc' dir='ltr'>καὶ</span> <span class='ocrx_word' id='word_1_89' title='bbox 293 1635 555 1718; x_wconf 87' lang='grc' dir='ltr'>συνεσταλμένου</span> <span class='ocrx_word' id='word_1_90' title='bbox 570 1634 603 1704; x_wconf 86' lang='grc' dir='ltr'>έν</span> <span class='ocrx_word' id='word_1_91' title='bbox 617 1639 662 1727; x_wconf 72' lang='grc' dir='ltr'>τῇ</span> <span class='ocrx_word' id='word_1_92' title='bbox 681 1632 967 1730; x_wconf 81' lang='grc' dir='ltr'>Βατραχομαχέᾳ.</span> 
     </span>
    </p>

    <p class='ocr_par' dir='ltr' id='par_1_4' title="bbox 61 1747 1219 2890">
     <span class='ocr_line' id='line_1_13' title="bbox 102 1747 1169 1848; baseline -0.003 -26"><span class='ocrx_word' id='word_1_93' title='bbox 102 1749 199 1822; x_wconf 80' lang='grc' dir='ltr'>Ἔτι</span> <span class='ocrx_word' id='word_1_94' title='bbox 221 1747 269 1820; x_wconf 86' lang='grc' dir='ltr'>δεῖ</span> <span class='ocrx_word' id='word_1_95' title='bbox 291 1755 483 1848; x_wconf 85' lang='grc' dir='ltr'>προσθεῖναι</span> <span class='ocrx_word' id='word_1_96' title='bbox 507 1755 557 1840; x_wconf 74' lang='grc' dir='ltr'>τῷ</span> <span class='ocrx_word' id='word_1_97' title='bbox 576 1748 683 1820; x_wconf 83' lang='grc' dir='ltr'>κανόνι</span> <span class='ocrx_word' id='word_1_98' title='bbox 704 1755 767 1819; x_wconf 92' lang='grc' dir='ltr'>τοῦ</span> <span class='ocrx_word' id='word_1_99' title='bbox 791 1754 943 1845; x_wconf 86' lang='grc' dir='ltr'>τεχνικοῦ</span> <span class='ocrx_word' id='word_1_100' title='bbox 960 1759 980 1791; x_wconf 92' lang='lat'><strong>“</strong></span> <span class='ocrx_word' id='word_1_101' title='bbox 992 1749 1092 1847; x_wconf 73' lang='grc' dir='ltr'>χωρὶς</span> <span class='ocrx_word' id='word_1_102' title='bbox 1106 1755 1169 1822; x_wconf 88' lang='grc' dir='ltr'>τοῦ</span> 
     </span>
     <span class='ocr_line' id='line_1_14' title="bbox 61 1863 1169 1963; baseline -0.001 -27"><span class='ocrx_word' id='word_1_103' title='bbox 61 1866 143 1937; x_wconf 73' lang='grc' dir='ltr'>υἱέσι</span> <span class='ocrx_word' id='word_1_104' title='bbox 177 1868 259 1963; x_wconf 82' lang='grc' dir='ltr'>παρ’</span> <span class='ocrx_word' id='word_1_105' title='bbox 284 1865 500 1950; x_wconf 78' lang='grc' dir='ltr'>Ἀθηναέοιε,”</span> <span class='ocrx_word' id='word_1_106' title='bbox 524 1864 602 1942; x_wconf 80' lang='grc' dir='ltr'>νίεῦς·</span> <span class='ocrx_word' id='word_1_107' title='bbox 632 1863 700 1962; x_wconf 82' lang='grc' dir='ltr'>γὰρ</span> <span class='ocrx_word' id='word_1_108' title='bbox 726 1867 744 1946; x_wconf 91' lang='lat'>»5</span> <span class='ocrx_word' id='word_1_109' title='bbox 774 1865 878 1936; x_wconf 76' lang='grc' dir='ltr'>εὐθεῖα</span> <span class='ocrx_word' id='word_1_110' title='bbox 907 1869 973 1935; x_wconf 92' lang='grc' dir='ltr'>τῶν</span> <span class='ocrx_word' id='word_1_111' title='bbox 999 1867 1104 1938; x_wconf 86' lang='grc' dir='ltr'>ένικῶν</span> <span class='ocrx_word' id='word_1_112' title='bbox 1128 1867 1169 1943; x_wconf 80' lang='grc' dir='ltr'>ὡς</span> 
     </span>
     <span class='ocr_line' id='line_1_15' title="bbox 64 1979 1167 2074; baseline 0.002 -23"><span class='ocrx_word' id='word_1_113' title='bbox 64 1979 209 2064; x_wconf 73' lang='grc' dir='ltr'>Πηλεὺς,</span> <span class='ocrx_word' id='word_1_114' title='bbox 234 1981 288 2052; x_wconf 72' lang='grc' dir='ltr'>καὶ</span> <span class='ocrx_word' id='word_1_115' title='bbox 317 1982 457 2074; x_wconf 85' lang='grc' dir='ltr'>λέγουσι</span> <span class='ocrx_word' id='word_1_116' title='bbox 486 1981 546 2063; x_wconf 73' lang='grc' dir='ltr'>την</span> <span class='ocrx_word' id='word_1_117' title='bbox 573 1980 703 2064; x_wconf 70' lang='grc' dir='ltr'>δοτικὴν</span> <span class='ocrx_word' id='word_1_118' title='bbox 723 1987 788 2054; x_wconf 89' lang='grc' dir='ltr'>τῶν</span> <span class='ocrx_word' id='word_1_119' title='bbox 811 1985 1034 2064; x_wconf 78' lang='grc' dir='ltr'>πληθυντικῶν</span> <span class='ocrx_word' id='word_1_120' title='bbox 1059 1982 1167 2064; x_wconf 73' lang='grc' dir='ltr'>υἱέσιν,</span> 
     </span>
     <span class='ocr_line' id='line_1_16' title="bbox 65 2095 1215 2194; baseline 0.001 -27"><span class='ocrx_word' id='word_1_121' title='bbox 65 2097 264 2193; x_wconf 76' lang='grc' dir='ltr'>ὀφείλοντες</span> <span class='ocrx_word' id='word_1_122' title='bbox 280 2098 380 2168; x_wconf 81' lang='grc' dir='ltr'>εἰπεῖν</span> <span class='ocrx_word' id='word_1_123' title='bbox 395 2106 467 2173; x_wconf 77' lang='grc' dir='ltr'>τοῖα</span> <span class='ocrx_word' id='word_1_124' title='bbox 482 2097 599 2168; x_wconf 78' lang='grc' dir='ltr'>υῦεῦσιν</span> <span class='ocrx_word' id='word_1_125' title='bbox 611 2095 724 2194; x_wconf 75' lang='grc' dir='ltr'>ὥσπερ</span> <span class='ocrx_word' id='word_1_126' title='bbox 740 2107 813 2174; x_wconf 78' lang='grc' dir='ltr'>τοῖς</span> <span class='ocrx_word' id='word_1_127' title='bbox 831 2097 994 2182; x_wconf 78' lang='grc' dir='ltr'>Πηλαῦσι,</span> <span class='ocrx_word' id='word_1_128' title='bbox 1007 2106 1029 2140; x_wconf 92' lang='lat'><strong><em>“</em></strong></span> <span class='ocrx_word' id='word_1_129' title='bbox 1038 2097 1090 2166; x_wconf 78' lang='grc' dir='ltr'>καὶ</span> <span class='ocrx_word' id='word_1_130' title='bbox 1107 2102 1170 2167; x_wconf 88' lang='grc' dir='ltr'>τοῦ</span> <span class='ocrx_word' id='word_1_131' title='bbox 1181 2129 1191 2168; x_wconf 85' lang='grc' dir='ltr'>ι</span> <span class='ocrx_word' id='word_1_132' title='bbox 1198 2125 1215 2187; x_wconf 83' lang='lat'>5</span> 
     </span>
     <span class='ocr_line' id='line_1_17' title="bbox 66 2209 1170 2310; baseline 0.001 -28"><span class='ocrx_word' id='word_1_133' title='bbox 66 2210 223 2308; x_wconf 84' lang='grc' dir='ltr'>δρομεῦσι</span> <span class='ocrx_word' id='word_1_134' title='bbox 252 2211 418 2310; x_wconf 85' lang='grc' dir='ltr'>(δρομέσι)</span> <span class='ocrx_word' id='word_1_135' title='bbox 446 2209 538 2310; x_wconf 81' lang='grc' dir='ltr'>παρὰ</span> <span class='ocrx_word' id='word_1_136' title='bbox 565 2209 812 2310; x_wconf 83' lang='grc' dir='ltr'>Καλλιμάχῳ·”</span> <span class='ocrx_word' id='word_1_137' title='bbox 848 2214 949 2282; x_wconf 86' lang='grc' dir='ltr'>έκεῖνα</span> <span class='ocrx_word' id='word_1_138' title='bbox 974 2209 1043 2309; x_wconf 79' lang='grc' dir='ltr'>γὰρ</span> <span class='ocrx_word' id='word_1_139' title='bbox 1069 2210 1170 2290; x_wconf 75' lang='grc' dir='ltr'>οῦτοις</span> 
     </span>
     <span class='ocr_line' id='line_1_18' title="bbox 67 2324 1169 2426; baseline 0.002 -31"><span class='ocrx_word' id='word_1_140' title='bbox 67 2325 278 2425; x_wconf 70' lang='grc' dir='ltr'>ἐπέγραψεν,</span> <span class='ocrx_word' id='word_1_141' title='bbox 289 2329 432 2426; x_wconf 78' lang='grc' dir='ltr'>ὀφείλων</span> <span class='ocrx_word' id='word_1_142' title='bbox 444 2324 640 2425; x_wconf 71' lang='grc' dir='ltr'>ἐπιγράψαι</span> <span class='ocrx_word' id='word_1_143' title='bbox 659 2327 822 2426; x_wconf 89' lang='grc' dir='ltr'>δρομεῦσι·</span> <span class='ocrx_word' id='word_1_144' title='bbox 841 2326 975 2425; x_wconf 81' lang='grc' dir='ltr'>δρομεῦε</span> <span class='ocrx_word' id='word_1_145' title='bbox 991 2325 1059 2425; x_wconf 81' lang='grc' dir='ltr'>γὰρ</span> <span class='ocrx_word' id='word_1_146' title='bbox 1076 2327 1169 2398; x_wconf 78' lang='grc' dir='ltr'>ἐστὶν</span> 
     </span>
     <span class='ocr_line' id='line_1_19' title="bbox 68 2441 1170 2542; baseline 0.002 -28"><span class='ocrx_word' id='word_1_147' title='bbox 68 2444 218 2522; x_wconf 71' lang='grc' dir='ltr'>ἦαῖθεῖα</span> <span class='ocrx_word' id='word_1_148' title='bbox 240 2447 308 2513; x_wconf 88' lang='grc' dir='ltr'>τῶν</span> <span class='ocrx_word' id='word_1_149' title='bbox 333 2444 448 2515; x_wconf 73' lang='grc' dir='ltr'>ἑνικῶν.</span> <span class='ocrx_word' id='word_1_150' title='bbox 492 2443 579 2515; x_wconf 68' lang='lat' dir='ltr'>”En</span> <span class='ocrx_word' id='word_1_151' title='bbox 606 2442 655 2514; x_wconf 86' lang='grc' dir='ltr'>δεῖ</span> <span class='ocrx_word' id='word_1_152' title='bbox 675 2448 880 2542; x_wconf 83' lang='grc' dir='ltr'>προσθεῖναι,</span> <span class='ocrx_word' id='word_1_153' title='bbox 898 2444 950 2514; x_wconf 72' lang='grc' dir='ltr'>καὶ</span> <span class='ocrx_word' id='word_1_154' title='bbox 975 2451 1040 2517; x_wconf 84' lang='grc' dir='ltr'>τοῦ</span> <span class='ocrx_word' id='word_1_155' title='bbox 1061 2441 1170 2522; x_wconf 74' lang='grc' dir='ltr'>τάλας</span> 
     </span>
     <span class='ocr_line' id='line_1_20' title="bbox 69 2556 1170 2658; baseline 0.003 -30"><span class='ocrx_word' id='word_1_156' title='bbox 69 2559 168 2654; x_wconf 75' lang='grc' dir='ltr'>χωρὶς</span> <span class='ocrx_word' id='word_1_157' title='bbox 193 2558 246 2629; x_wconf 76' lang='grc' dir='ltr'>καὶ</span> <span class='ocrx_word' id='word_1_158' title='bbox 271 2565 333 2630; x_wconf 90' lang='grc' dir='ltr'>τοῦ</span> <span class='ocrx_word' id='word_1_159' title='bbox 355 2559 467 2643; x_wconf 80' lang='grc' dir='ltr'>μέλας,</span> <span class='ocrx_word' id='word_1_160' title='bbox 485 2562 563 2638; x_wconf 69' lang='grc' dir='ltr'>εἶτα</span> <span class='ocrx_word' id='word_1_161' title='bbox 584 2557 653 2658; x_wconf 89' lang='grc' dir='ltr'>γάρ</span> <span class='ocrx_word' id='word_1_162' title='bbox 674 2560 766 2632; x_wconf 77' lang='grc' dir='ltr'>ε’σπὶν</span> <span class='ocrx_word' id='word_1_163' title='bbox 787 2564 806 2643; x_wconf 98' lang='lat'>»5</span> <span class='ocrx_word' id='word_1_164' title='bbox 828 2562 933 2632; x_wconf 75' lang='grc' dir='ltr'>εὐθεῖα</span> <span class='ocrx_word' id='word_1_165' title='bbox 957 2561 1011 2632; x_wconf 77' lang='grc' dir='ltr'>έπδ</span> <span class='ocrx_word' id='word_1_166' title='bbox 1037 2556 1170 2632; x_wconf 85' lang='grc' dir='ltr'>πάντων</span> 
     </span>
     <span class='ocr_line' id='line_1_21' title="bbox 71 2671 1219 2773; baseline 0.002 -30"><span class='ocrx_word' id='word_1_167' title='bbox 71 2671 154 2755; x_wconf 82' lang='grc' dir='ltr'>μετὰ</span> <span class='ocrx_word' id='word_1_168' title='bbox 183 2677 320 2772; x_wconf 76' lang='grc' dir='ltr'>μακρῶς,</span> <span class='ocrx_word' id='word_1_169' title='bbox 344 2676 397 2746; x_wconf 77' lang='grc' dir='ltr'>καὶ</span> <span class='ocrx_word' id='word_1_170' title='bbox 426 2673 748 2773; x_wconf 81' lang='grc' dir='ltr'>περιττοσυλλάβως</span> <span class='ocrx_word' id='word_1_171' title='bbox 775 2677 919 2748; x_wconf 75' lang='grc' dir='ltr'>κλίνεται</span> <span class='ocrx_word' id='word_1_172' title='bbox 947 2674 1093 2753; x_wconf 76' lang='grc' dir='ltr'>τάλανοε</span> <span class='ocrx_word' id='word_1_173' title='bbox 1116 2677 1169 2746; x_wconf 71' lang='grc' dir='ltr'>καὶ</span> <span class='ocrx_word' id='word_1_174' title='bbox 1182 2708 1219 2748; x_wconf 84' lang='grc' dir='ltr'>ιο</span> 
     </span>
     <span class='ocr_line' id='line_1_22' title="bbox 72 2789 1171 2890; baseline 0 -30"><span class='ocrx_word' id='word_1_175' title='bbox 72 2790 220 2873; x_wconf 76' lang='grc' dir='ltr'>μέλανος,</span> <span class='ocrx_word' id='word_1_176' title='bbox 237 2791 289 2861; x_wconf 78' lang='grc' dir='ltr'>καὶ</span> <span class='ocrx_word' id='word_1_177' title='bbox 312 2791 349 2862; x_wconf 87' lang='grc' dir='ltr'>οῦ</span> <span class='ocrx_word' id='word_1_178' title='bbox 374 2803 571 2890; x_wconf 86' lang='grc' dir='ltr'>συναιρεῖται</span> <span class='ocrx_word' id='word_1_179' title='bbox 597 2789 682 2864; x_wconf 77' lang='grc' dir='ltr'>κατὰ</span> <span class='ocrx_word' id='word_1_180' title='bbox 707 2793 769 2874; x_wconf 72' lang='grc' dir='ltr'>τὴν</span> <span class='ocrx_word' id='word_1_181' title='bbox 789 2792 926 2884; x_wconf 70' lang='grc' dir='ltr'>γενικὴν,</span> <span class='ocrx_word' id='word_1_182' title='bbox 949 2791 1002 2861; x_wconf 80' lang='grc' dir='ltr'>καὶ</span> <span class='ocrx_word' id='word_1_183' title='bbox 1027 2790 1111 2874; x_wconf 83' lang='grc' dir='ltr'>ὅμως</span> <span class='ocrx_word' id='word_1_184' title='bbox 1134 2791 1171 2862; x_wconf 89' lang='grc' dir='ltr'>οῦ</span> 
     </span>
    </p>

    <p class='ocr_par' dir='ltr' id='par_1_5' title="bbox 14 2903 1221 3698">
     <span class='ocr_line' id='line_1_23' title="bbox 14 2903 1172 3002; baseline 0 -26"><span class='ocrx_word' id='word_1_185' title='bbox 14 2919 61 2978; x_wconf 63' lang='grc' dir='ltr'>λου</span> <span class='ocrx_word' id='word_1_186' title='bbox 75 2903 239 3000; x_wconf 73' lang='grc' dir='ltr'>φυλάττει</span> <span class='ocrx_word' id='word_1_187' title='bbox 264 2903 307 2976; x_wconf 83' lang='grc' dir='ltr'>τῦ</span> <span class='ocrx_word' id='word_1_188' title='bbox 329 2935 349 2976; x_wconf 83' lang='grc' dir='ltr'>κ</span> <span class='ocrx_word' id='word_1_189' title='bbox 371 2907 585 2990; x_wconf 76' lang='grc' dir='ltr'>ἐκτεταμένον</span> <span class='ocrx_word' id='word_1_190' title='bbox 607 2909 639 2979; x_wconf 85' lang='grc' dir='ltr'>έν</span> <span class='ocrx_word' id='word_1_191' title='bbox 661 2913 705 3002; x_wconf 74' lang='grc' dir='ltr'>τῇ</span> <span class='ocrx_word' id='word_1_192' title='bbox 727 2905 839 3000; x_wconf 83' lang='grc' dir='ltr'>δοτικῇ</span> <span class='ocrx_word' id='word_1_193' title='bbox 861 2911 927 2978; x_wconf 87' lang='grc' dir='ltr'>τῶν</span> <span class='ocrx_word' id='word_1_194' title='bbox 949 2909 1172 2989; x_wconf 77' lang='grc' dir='ltr'>πληθυντικῶν</span> 
     </span>
     <span class='ocr_line' id='line_1_24' title="bbox 75 3019 1173 3115; baseline -0.002 -22"><span class='ocrx_word' id='word_1_195' title='bbox 75 3021 163 3093; x_wconf 75' lang='grc' dir='ltr'>ἄλλά</span> <span class='ocrx_word' id='word_1_196' title='bbox 187 3021 459 3104; x_wconf 84' lang='grc' dir='ltr'>συνεσταλμένον·</span> <span class='ocrx_word' id='word_1_197' title='bbox 484 3023 537 3093; x_wconf 77' lang='grc' dir='ltr'>καὶ</span> <span class='ocrx_word' id='word_1_198' title='bbox 554 3022 698 3115; x_wconf 87' lang='grc' dir='ltr'>λέγομεν</span> <span class='ocrx_word' id='word_1_199' title='bbox 720 3021 774 3093; x_wconf 83' lang='grc' dir='ltr'>ὅτι</span> <span class='ocrx_word' id='word_1_200' title='bbox 800 3019 868 3094; x_wconf 81' lang='grc' dir='ltr'>ἆπό</span> <span class='ocrx_word' id='word_1_201' title='bbox 887 3030 946 3105; x_wconf 80' lang='grc' dir='ltr'>τῆε</span> <span class='ocrx_word' id='word_1_202' title='bbox 963 3020 1091 3104; x_wconf 77' lang='grc' dir='ltr'>δοτικῆς·</span> <span class='ocrx_word' id='word_1_203' title='bbox 1106 3026 1173 3092; x_wconf 88' lang='grc' dir='ltr'>τῶν</span> 
     </span>
     <span class='ocr_line' id='line_1_25' title="bbox 76 3134 1172 3236; baseline -0.001 -29"><span class='ocrx_word' id='word_1_204' title='bbox 76 3137 178 3210; x_wconf 77' lang='grc' dir='ltr'>ένικῶν</span> <span class='ocrx_word' id='word_1_205' title='bbox 201 3134 403 3236; x_wconf 74' lang='grc' dir='ltr'>κανουέζεται</span> <span class='ocrx_word' id='word_1_206' title='bbox 432 3137 486 3208; x_wconf 74' lang='grc' dir='ltr'>έπῖ</span> <span class='ocrx_word' id='word_1_207' title='bbox 514 3137 641 3210; x_wconf 80' lang='grc' dir='ltr'>τοῦτον</span> <span class='ocrx_word' id='word_1_208' title='bbox 666 3140 685 3219; x_wconf 90' lang='lat'>»5</span> <span class='ocrx_word' id='word_1_209' title='bbox 711 3135 822 3220; x_wconf 74' lang='grc' dir='ltr'>δοτικὴ</span> <span class='ocrx_word' id='word_1_210' title='bbox 849 3143 915 3209; x_wconf 88' lang='grc' dir='ltr'>τῶν</span> <span class='ocrx_word' id='word_1_211' title='bbox 940 3141 1172 3222; x_wconf 77' lang='grc' dir='ltr'>πληθυντικῶν,</span> 
     </span>
     <span class='ocr_line' id='line_1_26' title="bbox 76 3249 1221 3350; baseline 0.004 -28"><span class='ocrx_word' id='word_1_212' title='bbox 76 3249 142 3325; x_wconf 77' lang='grc' dir='ltr'>οῦον</span> <span class='ocrx_word' id='word_1_213' title='bbox 163 3251 234 3326; x_wconf 83' lang='grc' dir='ltr'>ἆπῦ</span> <span class='ocrx_word' id='word_1_214' title='bbox 258 3261 317 3336; x_wconf 80' lang='grc' dir='ltr'>τῆε</span> <span class='ocrx_word' id='word_1_215' title='bbox 337 3250 458 3326; x_wconf 84' lang='grc' dir='ltr'>τάλανι</span> <span class='ocrx_word' id='word_1_216' title='bbox 478 3253 532 3325; x_wconf 71' lang='grc' dir='ltr'>καὶ</span> <span class='ocrx_word' id='word_1_217' title='bbox 556 3254 685 3338; x_wconf 87' lang='grc' dir='ltr'>μέλανι,</span> <span class='ocrx_word' id='word_1_218' title='bbox 701 3261 814 3350; x_wconf 74' lang='grc' dir='ltr'>τροπῇ</span> <span class='ocrx_word' id='word_1_219' title='bbox 835 3259 897 3326; x_wconf 88' lang='grc' dir='ltr'>τοῦ</span> <span class='ocrx_word' id='word_1_220' title='bbox 919 3281 942 3325; x_wconf 71' lang='grc' dir='ltr'>τε</span> <span class='ocrx_word' id='word_1_221' title='bbox 959 3254 1001 3328; x_wconf 72' lang='grc' dir='ltr'>εἷς</span> <span class='ocrx_word' id='word_1_222' title='bbox 1022 3276 1050 3322; x_wconf 78' lang='lat'>2·</span> <span class='ocrx_word' id='word_1_223' title='bbox 1077 3255 1173 3324; x_wconf 82' lang='grc' dir='ltr'>πᾶσα</span> <span class='ocrx_word' id='word_1_224' title='bbox 1185 3287 1199 3327; x_wconf 83' lang='lat'>2</span> <span class='ocrx_word' id='word_1_225' title='bbox 1204 3283 1221 3344; x_wconf 84' lang='lat'>5</span> 
     </span>
     <span class='ocr_line' id='line_1_27' title="bbox 77 3364 1172 3467; baseline -0.003 -26"><span class='ocrx_word' id='word_1_226' title='bbox 77 3367 162 3467; x_wconf 76' lang='grc' dir='ltr'>γάρ.</span> <span class='ocrx_word' id='word_1_227' title='bbox 176 3424 185 3440; x_wconf 95' lang='grc'><strong>.</strong></span> <span class='ocrx_word' id='word_1_228' title='bbox 197 3423 206 3440; x_wconf 91' lang='grc'><strong>.</strong></span> <span class='ocrx_word' id='word_1_229' title='bbox 220 3371 285 3447; x_wconf 78' lang='grc' dir='ltr'>,εἷς</span> <span class='ocrx_word' id='word_1_230' title='bbox 301 3399 321 3440; x_wconf 80' lang='grc' dir='ltr'>ιι</span> <span class='ocrx_word' id='word_1_231' title='bbox 339 3373 503 3462; x_wconf 75' lang='grc' dir='ltr'>λήγουσα,</span> <span class='ocrx_word' id='word_1_232' title='bbox 519 3370 564 3453; x_wconf 74' lang='grc' dir='ltr'>μὴ</span> <span class='ocrx_word' id='word_1_233' title='bbox 581 3367 664 3440; x_wconf 83' lang='grc' dir='ltr'>οῦσα</span> <span class='ocrx_word' id='word_1_234' title='bbox 687 3367 772 3442; x_wconf 77' lang='grc' dir='ltr'>κατὰ</span> <span class='ocrx_word' id='word_1_235' title='bbox 788 3364 1045 3454; x_wconf 81' lang='grc' dir='ltr'>μεταπλασμῦν,</span> <span class='ocrx_word' id='word_1_236' title='bbox 1060 3373 1172 3463; x_wconf 74' lang='grc' dir='ltr'>τροπῇ</span> 
     </span>
     <span class='ocr_line' id='line_1_28' title="bbox 77 3479 1172 3570; baseline -0.004 -16"><span class='ocrx_word' id='word_1_237' title='bbox 77 3492 135 3556; x_wconf 88' lang='grc' dir='ltr'>τοῦ</span> <span class='ocrx_word' id='word_1_238' title='bbox 143 3517 166 3558; x_wconf 82' lang='grc' dir='ltr'>ιε</span> <span class='ocrx_word' id='word_1_239' title='bbox 184 3487 228 3562; x_wconf 78' lang='grc' dir='ltr'>εἷς</span> <span class='ocrx_word' id='word_1_240' title='bbox 242 3515 259 3556; x_wconf 78' lang='lat' dir='ltr'><strong>z</strong></span> <span class='ocrx_word' id='word_1_241' title='bbox 275 3486 335 3570; x_wconf 70' lang='grc' dir='ltr'>τὴν</span> <span class='ocrx_word' id='word_1_242' title='bbox 348 3483 477 3568; x_wconf 67' lang='grc' dir='ltr'>δοτικὴν</span> <span class='ocrx_word' id='word_1_243' title='bbox 488 3490 553 3557; x_wconf 87' lang='grc' dir='ltr'>τῶν</span> <span class='ocrx_word' id='word_1_244' title='bbox 566 3490 788 3569; x_wconf 77' lang='grc' dir='ltr'>πληθυντικῶν</span> <span class='ocrx_word' id='word_1_245' title='bbox 800 3493 899 3570; x_wconf 84' lang='grc' dir='ltr'>ποιεῦ,</span> <span class='ocrx_word' id='word_1_246' title='bbox 910 3479 981 3554; x_wconf 72' lang='grc' dir='ltr'>οἷον</span> <span class='ocrx_word' id='word_1_247' title='bbox 992 3480 1065 3566; x_wconf 78' lang='grc' dir='ltr'>μηνὶ</span> <span class='ocrx_word' id='word_1_248' title='bbox 1079 3481 1172 3569; x_wconf 78' lang='grc' dir='ltr'>μησὶ,</span> 
     </span>
     <span class='ocr_line' id='line_1_29' title="bbox 78 3592 1174 3698; baseline -0.003 -27"><span class='ocrx_word' id='word_1_249' title='bbox 78 3603 146 3697; x_wconf 78' lang='grc' dir='ltr'>χηνὶ</span> <span class='ocrx_word' id='word_1_250' title='bbox 170 3601 264 3698; x_wconf 72' lang='grc' dir='ltr'>χησῦ,</span> <span class='ocrx_word' id='word_1_251' title='bbox 289 3601 416 3684; x_wconf 83' lang='grc' dir='ltr'>ποιμένι</span> <span class='ocrx_word' id='word_1_252' title='bbox 441 3600 588 3682; x_wconf 86' lang='grc' dir='ltr'>ποιμέσι,</span> <span class='ocrx_word' id='word_1_253' title='bbox 611 3600 718 3684; x_wconf 89' lang='grc' dir='ltr'>λιμένι</span> <span class='ocrx_word' id='word_1_254' title='bbox 743 3599 869 3686; x_wconf 87' lang='grc' dir='ltr'>λιμέσι,</span> <span class='ocrx_word' id='word_1_255' title='bbox 889 3593 1051 3668; x_wconf 84' lang='grc' dir='ltr'>Πλάτωνι</span> <span class='ocrx_word' id='word_1_256' title='bbox 1073 3592 1174 3668; x_wconf 90' lang='grc' dir='ltr'>Πλά-</span> 
     </span>
    </p>
   </div>
   <div class='ocr_carea' id='block_1_3' title="bbox 80 3711 1174 3814">
    <p class='ocr_par' dir='ltr' id='par_1_6' title="bbox 80 3711 1174 3814">
     <span class='ocr_line' id='line_1_30' title="bbox 80 3711 1174 3814; baseline 0 -28"><span class='ocrx_word' id='word_1_257' title='bbox 80 3745 169 3804; x_wconf 82' lang='grc' dir='ltr'>τυσι,</span> <span class='ocrx_word' id='word_1_258' title='bbox 203 3715 352 3801; x_wconf 84' lang='grc' dir='ltr'>Μέμνονι</span> <span class='ocrx_word' id='word_1_259' title='bbox 380 3715 547 3800; x_wconf 87' lang='grc' dir='ltr'>Μέμνοσι,</span> <span class='ocrx_word' id='word_1_260' title='bbox 573 3715 731 3814; x_wconf 75' lang='grc' dir='ltr'>Τρύφωνι</span> <span class='ocrx_word' id='word_1_261' title='bbox 762 3715 938 3814; x_wconf 84' lang='grc' dir='ltr'>Τράφιοσι·</span> <span class='ocrx_word' id='word_1_262' title='bbox 987 3711 1087 3792; x_wconf 71' lang='grc' dir='ltr'>οὕτως</span> <span class='ocrx_word' id='word_1_263' title='bbox 1121 3711 1174 3786; x_wconf 82' lang='grc' dir='ltr'>οῦν</span> 
     </span>
    </p>
   </div>
   <div class='ocr_carea' id='block_1_4' title="bbox 81 3827 1225 4594">
    <p class='ocr_par' dir='ltr' id='par_1_7' title="bbox 81 3827 1223 3922">
     <span class='ocr_line' id='line_1_31' title="bbox 81 3827 1223 3922; baseline -0.001 -18"><span class='ocrx_word' id='word_1_264' title='bbox 81 3835 127 3904; x_wconf 75' lang='grc' dir='ltr'>καὶ</span> <span class='ocrx_word' id='word_1_265' title='bbox 143 3831 265 3906; x_wconf 88' lang='grc' dir='ltr'>τάλανι</span> <span class='ocrx_word' id='word_1_266' title='bbox 282 3829 420 3914; x_wconf 86' lang='grc' dir='ltr'>τάλασι,</span> <span class='ocrx_word' id='word_1_267' title='bbox 437 3832 490 3903; x_wconf 74' lang='grc' dir='ltr'>καὶ</span> <span class='ocrx_word' id='word_1_268' title='bbox 507 3832 621 3915; x_wconf 86' lang='grc' dir='ltr'>μέλανι</span> <span class='ocrx_word' id='word_1_269' title='bbox 638 3833 773 3916; x_wconf 90' lang='grc' dir='ltr'>μέλασι.</span> <span class='ocrx_word' id='word_1_270' title='bbox 825 3829 895 3900; x_wconf 75' lang='grc' dir='ltr'>Καὶ</span> <span class='ocrx_word' id='word_1_271' title='bbox 918 3827 1049 3914; x_wconf 82' lang='grc' dir='ltr'>λοιπδν,</span> <span class='ocrx_word' id='word_1_272' title='bbox 1065 3827 1174 3914; x_wconf 69' lang='grc' dir='ltr'>ἐπειδὴ</span> <span class='ocrx_word' id='word_1_273' title='bbox 1184 3865 1223 3922; x_wconf 90' lang='lat'>30</span> 
     </span>
    </p>

    <p class='ocr_par' dir='ltr' id='par_1_8' title="bbox 83 3943 1175 4032">
     <span class='ocr_line' id='line_1_32' title="bbox 83 3943 1175 4032; baseline -0.005 -10"><span class='ocrx_word' id='word_1_274' title='bbox 83 3949 231 4032; x_wconf 75' lang='grc' dir='ltr'>ἧδατικῆ</span> <span class='ocrx_word' id='word_1_275' title='bbox 255 3953 320 4022; x_wconf 90' lang='grc' dir='ltr'>τῶν</span> <span class='ocrx_word' id='word_1_276' title='bbox 346 3949 451 4020; x_wconf 86' lang='grc' dir='ltr'>ένικῶν</span> <span class='ocrx_word' id='word_1_277' title='bbox 476 3949 655 4019; x_wconf 88' lang='grc' dir='ltr'>συστέλλει</span> <span class='ocrx_word' id='word_1_278' title='bbox 681 3945 724 4019; x_wconf 83' lang='grc' dir='ltr'>τῦ</span> <span class='ocrx_word' id='word_1_279' title='bbox 747 3977 778 4030; x_wconf 80' lang='grc' dir='ltr'>κ,</span> <span class='ocrx_word' id='word_1_280' title='bbox 796 3945 927 4024; x_wconf 76' lang='grc' dir='ltr'>εἰκότως·</span> <span class='ocrx_word' id='word_1_281' title='bbox 947 3947 1000 4017; x_wconf 76' lang='grc' dir='ltr'>καὶ</span> <span class='ocrx_word' id='word_1_282' title='bbox 1022 3949 1041 4028; x_wconf 91' lang='lat'>»5</span> <span class='ocrx_word' id='word_1_283' title='bbox 1063 3943 1175 4028; x_wconf 71' lang='grc' dir='ltr'>δοτικὴ</span> 
     </span>
    </p>

    <p class='ocr_par' dir='ltr' id='par_1_9' title="bbox 82 4059 1174 4155">
     <span class='ocr_line' id='line_1_33' title="bbox 82 4059 1174 4155; baseline -0.004 -19"><span class='ocrx_word' id='word_1_284' title='bbox 82 4071 141 4137; x_wconf 88' lang='grc' dir='ltr'>τῶν</span> <span class='ocrx_word' id='word_1_285' title='bbox 161 4069 384 4148; x_wconf 78' lang='grc' dir='ltr'>πληθυντικῶν</span> <span class='ocrx_word' id='word_1_286' title='bbox 406 4063 584 4136; x_wconf 86' lang='grc' dir='ltr'>συστέλλει</span> <span class='ocrx_word' id='word_1_287' title='bbox 610 4061 703 4150; x_wconf 82' lang='grc' dir='ltr'>αῦτὸ,</span> <span class='ocrx_word' id='word_1_288' title='bbox 726 4065 766 4139; x_wconf 73' lang='grc' dir='ltr'>ὡς</span> <span class='ocrx_word' id='word_1_289' title='bbox 788 4059 827 4155; x_wconf 72' lang='grc' dir='ltr'>ἐξ</span> <span class='ocrx_word' id='word_1_290' title='bbox 848 4061 945 4144; x_wconf 74' lang='grc' dir='ltr'>αὐτῆς</span> <span class='ocrx_word' id='word_1_291' title='bbox 968 4060 1174 4154; x_wconf 82' lang='grc' dir='ltr'>γεγενημένη.</span> 
     </span>
    </p>

    <p class='ocr_par' dir='ltr' id='par_1_10' title="bbox 85 4175 1175 4277">
     <span class='ocr_line' id='line_1_34' title="bbox 85 4175 1175 4277; baseline -0.001 -28"><span class='ocrx_word' id='word_1_292' title='bbox 85 4176 285 4277; x_wconf 87' lang='grc' dir='ltr'>Πράσκειται</span> <span class='ocrx_word' id='word_1_293' title='bbox 303 4192 324 4222; x_wconf 87' lang='grc'><strong>“</strong></span> <span class='ocrx_word' id='word_1_294' title='bbox 336 4180 381 4264; x_wconf 73' lang='grc' dir='ltr'>μὴ</span> <span class='ocrx_word' id='word_1_295' title='bbox 401 4177 486 4251; x_wconf 86' lang='grc' dir='ltr'>οῦσα</span> <span class='ocrx_word' id='word_1_296' title='bbox 510 4178 596 4252; x_wconf 85' lang='grc' dir='ltr'>κατὰ</span> <span class='ocrx_word' id='word_1_297' title='bbox 620 4175 896 4265; x_wconf 83' lang='grc' dir='ltr'>μεταπλασμόν,”</span> <span class='ocrx_word' id='word_1_298' title='bbox 916 4176 1025 4262; x_wconf 71' lang='grc' dir='ltr'>ἐπειδὴ</span> <span class='ocrx_word' id='word_1_299' title='bbox 1046 4177 1140 4248; x_wconf 76' lang='grc' dir='ltr'>ἔστιν</span> <span class='ocrx_word' id='word_1_300' title='bbox 1157 4179 1175 4258; x_wconf 88' lang='lat'>»5</span> 
     </span>
    </p>

    <p class='ocr_par' dir='ltr' id='par_1_11' title="bbox 84 4289 1177 4390">
     <span class='ocr_line' id='line_1_35' title="bbox 84 4289 1177 4390; baseline 0.001 -28"><span class='ocrx_word' id='word_1_301' title='bbox 84 4296 191 4380; x_wconf 83' lang='grc' dir='ltr'>ῦσμένη</span> <span class='ocrx_word' id='word_1_302' title='bbox 214 4305 274 4379; x_wconf 76' lang='grc' dir='ltr'>τῆς</span> <span class='ocrx_word' id='word_1_303' title='bbox 298 4298 435 4379; x_wconf 77' lang='grc' dir='ltr'>ῦσμῆνηε</span> <span class='ocrx_word' id='word_1_304' title='bbox 458 4301 502 4390; x_wconf 75' lang='grc' dir='ltr'>τῇ</span> <span class='ocrx_word' id='word_1_305' title='bbox 522 4297 655 4390; x_wconf 75' lang='grc' dir='ltr'>ῦσμῆυρ,</span> <span class='ocrx_word' id='word_1_306' title='bbox 676 4295 730 4366; x_wconf 75' lang='grc' dir='ltr'>καὶ</span> <span class='ocrx_word' id='word_1_307' title='bbox 750 4298 769 4377; x_wconf 96' lang='lat'>»5</span> <span class='ocrx_word' id='word_1_308' title='bbox 786 4293 924 4378; x_wconf 84' lang='grc' dir='ltr'>Διοδιέυη</span> <span class='ocrx_word' id='word_1_309' title='bbox 948 4300 1007 4376; x_wconf 76' lang='grc' dir='ltr'>τῆς</span> <span class='ocrx_word' id='word_1_310' title='bbox 1024 4289 1177 4376; x_wconf 82' lang='grc' dir='ltr'>Δαδάνης</span> 
     </span>
    </p>

    <p class='ocr_par' dir='ltr' id='par_1_12' title="bbox 86 4405 1225 4594">
     <span class='ocr_line' id='line_1_36' title="bbox 86 4405 1225 4508; baseline -0.004 -26"><span class='ocrx_word' id='word_1_311' title='bbox 86 4417 121 4506; x_wconf 73' lang='grc' dir='ltr'>τῇ</span> <span class='ocrx_word' id='word_1_312' title='bbox 140 4411 275 4508; x_wconf 72' lang='grc' dir='ltr'>Δωδώνη</span> <span class='ocrx_word' id='word_1_313' title='bbox 293 4409 345 4485; x_wconf 81' lang='grc' dir='ltr'>διὰ</span> <span class='ocrx_word' id='word_1_314' title='bbox 362 4415 424 4488; x_wconf 88' lang='grc' dir='ltr'>τοῦ</span> <span class='ocrx_word' id='word_1_315' title='bbox 440 4441 463 4482; x_wconf 77' lang='lat' dir='ltr'><strong>u</strong></span> <span class='ocrx_word' id='word_1_316' title='bbox 481 4411 532 4483; x_wconf 76' lang='grc' dir='ltr'>καὶ</span> <span class='ocrx_word' id='word_1_317' title='bbox 555 4441 578 4496; x_wconf 87' lang='grc' dir='ltr'>ι,</span> <span class='ocrx_word' id='word_1_318' title='bbox 595 4411 648 4484; x_wconf 81' lang='grc' dir='ltr'>καὶ</span> <span class='ocrx_word' id='word_1_319' title='bbox 671 4407 756 4483; x_wconf 86' lang='grc' dir='ltr'>κατὰ</span> <span class='ocrx_word' id='word_1_320' title='bbox 781 4405 1027 4496; x_wconf 84' lang='grc' dir='ltr'>μεταπλασμδν</span> <span class='ocrx_word' id='word_1_321' title='bbox 1048 4408 1176 4501; x_wconf 78' lang='grc' dir='ltr'>γίνεται</span> <span class='ocrx_word' id='word_1_322' title='bbox 1186 4437 1225 4498; x_wconf 81' lang='lat'>35</span> 
     </span>
     <span class='ocr_line' id='line_1_37' title="bbox 607 4543 662 4594; baseline -0.036 0"><span class='ocrx_word' id='word_1_323' title='bbox 607 4547 628 4594; x_wconf 74' lang='lat' dir='ltr'>Q</span> <span class='ocrx_word' id='word_1_324' title='bbox 644 4543 662 4592; x_wconf 78' lang='lat'><em>2</em></span> 
     </span>
    </p>
   </div>
   <div class='ocr_carea' id='block_1_5' title="bbox 0 0 1515 5020">
    <p class='ocr_par' dir='ltr' id='par_1_13' title="bbox 0 0 1515 5020">
     <span class='ocr_line' id='line_1_38' title="bbox 0 0 1515 5020; baseline 0 0"><span class='ocrx_word' id='word_1_325' title='bbox 0 0 1515 5020; x_wconf 95' lang='lat' dir='ltr'> </span> 
     </span>
    </p>
   </div>
  </div>
 </body>
</html>
