2958 5018
18 285 82 366 β’.
418 293 484 356 ειν
505 294 562 355 το
584 293 877 356 οιιονικτικοκ.
1135 289 1194 352 281

127 460 220 488 Ne)

76 491 140 532 κοιι
167 492 187 531 ο
221 459 418 558 Αντίμιιχος
434 460 469 534 δὲ
486 464 634 555 γινώσκει
651 462 711 545 τὴν
728 458 781 532 διά
800 466 862 532 τοῦ
882 489 924 532 Na·
948 461 1066 542 κλίσιν,
1084 459 1116 530 ἐν
1141 456 1188 538 οἷς

79 582 207 674 φησιν,
254 679 280 732 οί
292 678 320 733 δι’
334 677 380 733 τδν
392 677 564 734 λινοτάλαντα
579 677 760 752 (είνοτάλαντο
775 678 904 749 Bekker.)
920 675 1089 750 κατέστυγον.

82 803 179 904 Περί
196 803 230 876 δὲ
246 813 304 890 τῆς
319 803 428 884 κτενάς
443 815 566 898 γενικῆς
582 807 674 878 ἔστιν
687 808 795 888 εἰπεῖν,
810 805 863 878 ὅτι
880 806 967 876 κτείν
984 806 1020 887 ἦν
1038 809 1055 888 ἦ
1073 807 1186 891 αίθεΐα,

80 923 140 992 καί
167 920 289 994 λοιπόν
313 923 495 998 ἀκολούθως
518 921 639 1000 κτεινάς
660 927 677 1005 ἡ
701 923 808 1016 γενικὴ
825 921 862 994 δι’
882 923 1109 1010 ἀμεταβόλων·
1134 923 1214 1006 καίς

81 1039 160 1109 ἐπεὶ
181 1037 338 1111 οὐδέποτε
358 1037 402 1111 τά
420 1042 462 1118 είς
480 1069 501 1110 N
518 1043 681 1134 λήγοντα,
700 1041 766 1112 εἴτε
788 1036 938 1135 ἀρσενικὰ
962 1039 1030 1110 ε’ίτε
1055 1041 1187 1128 θηλυκὰ,

83 1155 243 1226 θέλουσιν
266 1156 353 1252 ἔχειν
378 1153 445 1252 πρό
471 1161 532 1226 τοῦ
557 1185 578 1227 N
606 1153 808 1252 δίφθογγον,
835 1151 904 1224 οίον
929 1152 1057 1251 δελφὶν,
1084 1155 1188 1239 ἀκτίν,

84 1273 257 1356 Σαλομίν,
276 1270 396 1359 Τιτάν,
419 1272 533 1355 μόσυν,
552 1273 713 1362 (σημαίνει
736 1271 770 1342 δὲ
793 1268 854 1344 τόν
879 1268 1007 1365 ξόλινον
1032 1274 1188 1370 πάργον,)

76 1387 231 1472 Ἕλλην,
250 1384 407 1485 Τροιζὴν,
426 1385 588 1474 Πλάτων,
605 1391 747 1485 τρήγων,
767 1388 935 1485 (πρόγων,)
953 1387 1074 1460 ποότου
1090 1386 1189 1486 χάριν

18 1564 20 1570 .
85 1501 221 1600 ἔτρεφε
236 1502 279 1577 τὸ
297 1535 318 1575 N
329 1507 373 1582 είς
389 1503 431 1576 τό
447 1534 475 1589 ε,
489 1504 541 1576 καί
559 1505 679 1599 γε’γονε
690 1507 785 1590 κτεὶς,
798 1504 849 1575 καί
863 1502 1009 1602 ε’φάλαξε
1020 1506 1080 1589 τὴν
1091 1506 1189 1588 αι’ντίιν
1201 1533 1237 1574 ιο

85 1621 212 1704 κλίσιν,
228 1621 385 1692 τουτέστι
402 1621 462 1703 τὴν
479 1618 531 1690 διά
548 1627 609 1692 τοῦ
626 1651 658 1692 N.
698 1620 904 1718 Πρόσκειται
922 1631 943 1662 “
955 1621 1021 1692 εἴτε
1037 1619 1189 1719 άρσενικά

86 1735 159 1807 εἴτε
188 1733 328 1818 θηλυκά”
354 1733 406 1806 διά
435 1735 478 1808 τὸ
509 1736 631 1824 δίπουν,
657 1743 761 1810 τοῦτο
790 1735 857 1833 γάρ
885 1738 952 1832 ἔχει
982 1735 1050 1834 πρὸ
1079 1744 1141 1809 τοῦ
1168 1767 1189 1808 N

87 1852 296 1949 δίφθογγον,
317 1853 393 1924 ἀλλ’
416 1851 585 1951 οὐδέτερον
609 1855 694 1925 ε’στί.
746 1851 800 1924 Τό
826 1851 861 1924 δὲ
884 1853 936 1928 τίς
960 1851 1057 1936 τινάς,
1075 1855 1104 1924 σι’
1128 1857 1189 1944 θεῷ

89 1969 208 2066 φίλον,
225 1969 441 2053 μαθησόμεθα
458 1971 491 2041 ἕν
512 1977 561 2062 τῷ
579 1970 742 2068 προοιμίῳ
764 1976 826 2042 τοῦ
841 1968 1064 2052 Ὀνοματικοῢ
1077 1968 1192 2067 Ἥρω,

91 2083 202 2154 διανοῦ
225 2085 269 2166 μί]
293 2083 461 2168 δυνάμενον
483 2089 630 2170 κλιθῆναι
652 2085 689 2158 δι’
708 2083 815 2156 ἀλλον
831 2087 1017 2182 συμφώνου,
1036 2081 1074 2178 ἐξ
1089 2080 1237 2178 ἀνάγ-15

90 2231 146 2283 κης
162 2201 272 2282 ἐκλίθη
290 2198 341 2271 διά
357 2207 419 2272 τοῦ
436 2231 468 2274 N.

145 2315 270 2414 Τρίτος
287 2315 321 2387 δὲ
337 2319 436 2388 κανών
453 2319 544 2388 ἐστιν
561 2317 666 2399 οὗτος,
685 2317 703 2385 ό
725 2314 848 2399 δεικνὺς,
874 2315 927 2387 ότι
954 2313 997 2388 τά
1025 2319 1067 2394 εἷς
1088 2347 1107 2388 N
1132 2321 1193 2400 λη·

93 2462 202 2525 γοντα
219 2433 455 2530 ἀναλογάτερο
472 2431 533 2502 εἶσί
551 2437 617 2502 τῶν
633 2435 676 2508 είς
694 2461 711 2502 ε
728 2431 909 2524 ληγόντων,
928 2432 996 2504 οἷον
1012 2431 1056 2505 τό
1074 2431 1192 2530 δελφὶν

92 2549 146 2618 καὶ
164 2545 207 2620 τά
223 2547 317 2619 ἀκπίν
333 2549 585 2644 ἀναλογάτερον
601 2548 676 2619 ε’στί
698 2555 760 2618 τοῦ
779 2547 895 2646 δελφὶς
912 2550 964 2619 καί
982 2549 1083 2626 ἀκτίς.
1135 2547 1191 2620 Τά

94 2667 138 2740 είς
155 2693 188 2734 12
209 2668 360 2755 λήγοντα
381 2665 540 2758 ἀποβολῇ
555 2671 617 2735 τοῦ
634 2695 650 2734 z
668 2670 799 2734 ποιοῦσι
816 2663 876 2746 την
894 2665 1057 2747 κλητικην,
1075 2663 1154 2748 οἷον,
1172 2667 1239 2736 0‘20

96 2779 206 2878 Πάρις
222 2781 247 2852 δ
265 2776 367 2877 Πάρι,
383 2781 401 2850 ὁ
418 2777 533 2864 μάντις
549 2781 575 2852 ιδ
590 2777 699 2864 μάντι,
717 2782 735 2849 ὁ
753 2777 871 2876 λάτρις
887 2778 914 2851 ιδ
928 2777 1041 2877 λάτρι,
1059 2784 1077 2862 ἦ
1094 2781 1192 2858 πόλις

94 2897 228 2979 ιδπόλι,
247 2900 264 2978 ἦ
283 2895 380 2971 Θέτις
396 2895 422 2966 ιδ
439 2895 531 2968 θότι·
557 2893 599 2970 τό
617 2893 685 2993 γάρ
706 2895 881 2991 ὁμόφωνον
904 2893 1063 2966 Ἀττικόν
1089 2897 1190 2982 ε’στιν,

94 3015 123 3084 ιδ
136 3009 260 3094 μάντις,
277 3011 426 3088 ιδπόλις.
452 3011 501 3083 Εἰ
517 3011 581 3110 ἄρα
598 3009 651 3083 οδν
668 3010 710 3082 τὸ
729 3011 845 3109 δελφὶς
861 3012 913 3082 καί
934 3011 1061 3110 Τελχίς
1077 3013 1129 3084 καί
1146 3011 1191 3084 τά

96 3127 194 3210 ὅμοια
211 3128 267 3197 οόκ
283 3125 520 3216 ἀποβάλλουσι
538 3127 580 3199 τό
600 3157 617 3198 z
634 3129 666 3198 ἐν
682 3135 724 3221 τῇ
742 3135 886 3223 κλητικῇ,
904 3125 995 3200 ἀλλά
1018 3129 1078 3211 τὴν
1095 3130 1193 3212 αὐτὴν

95 3245 163 3340 ἔχει
187 3243 285 3340 ὀρθὴν
307 3244 359 3314 καί
384 3245 547 3328 κλητικίην,
565 3243 634 3315 οἷον
656 3246 675 3313 ὁ
699 3243 816 3341 δελφὶς
838 3247 863 3315 ὦ
886 3244 1012 3340 δελφίς,
1030 3247 1048 3315 ὁ
1067 3244 1239 3343 Τελχίςις

96 3358 275 3456 ιδΤελχίς,
293 3357 445 3442 δηλονότι
468 3361 505 3430 οὗ
527 3363 756 3452 καταλήγουσι
782 3360 879 3456 φύσει
903 3363 945 3437 είς
964 3389 981 3429 2
1003 3361 1079 3430 ἀλλ’
1099 3364 1142 3436 είς
1160 3391 1192 3442 N,

97 3476 207 3574 προτί]
241 3473 276 3545 δὲ
308 3476 439 3567 ἐγένετο
468 3481 529 3545 τοῦ
557 3505 578 3546 N
604 3477 647 3551 είς
674 3505 701 3557 ε,
727 3473 812 3546 κατὰ
840 3476 985 3570 Δωρικίην
1011 3472 1193 3560 διάλεκτον,

97 3591 208 3688 ὥσπερ
225 3591 262 3674 ἦν
278 3592 322 3674 ἧς,
340 3589 485 3688 ἦρπομεν
500 3589 653 3688 ἥρπομες,
670 3593 710 3668 ὡς
727 3588 818 3688 παρὰ
838 3591 1014 3687 Θεοκρίτιρ,
1038 3593 1083 3682 [7‚
1104 3592 1147 3683 1.]

258 3715 289 3786 δε
300 3720 404 3792 χρόνος,

100 3821 170 3893 ἀντί
187 3827 249 3893 τοῦ
265 3822 300 3904 ἦν
317 3821 445 3916 χρόνος,
463 3822 515 3892 καὶ
533 3819 624 3919 παρὰ
640 3827 690 3912 τῷ
708 3823 804 3912 αὐτῷ,
828 3824 874 3914 [7,
894 3821 938 3914 2.]
1202 3848 1242 3908 30

258 3945 371 4018 ἤρπομις
384 3947 412 4001 ίκ
425 3949 527 4011 πόλιος,

100 4059 170 4130 ἀντὶ
186 4065 249 4129 τοῦ
264 4058 409 4156 ἥρπομεν
425 4060 459 4129 ἐκ
476 4059 612 4135 πόλεως.
660 4058 729 4128 Καὶ
748 4057 832 4130 οὕτω
849 4056 969 4130 λοιπάν
986 4059 1193 4142 ἀπετελέσθη

101 4179 119 4256 ἡ
146 4178 188 4251 είς
218 4206 234 4246 2
260 4172 448 4269 κατάληξις,
479 4172 557 4256 οἷον,
589 4173 706 4272 δελφίν
737 4173 864 4273 δελφίς,
896 4175 1025 4272 Τελχίν
1055 4175 1192 4270 Τελχίς.

102 4289 215 4361 Ταῦτα
232 4289 291 4372 μὲν
308 4288 408 4366 οὕτως
425 4291 457 4360 ἐν
473 4291 614 4366 τούτοις.

146 4405 276 4478 Ἰστίον
313 4404 397 4476 ὲὸτι
415 4413 522 4478 ταῦτα
543 4404 587 4477 τὰ
609 4402 831 4488 δικατάληκτα
857 4406 916 4488 τὴν
939 4405 1037 4487 αὑτὴν
1062 4407 1193 4502 ἔχουσιν
1201 4439 1217 4492 3
1223 4437 1240 4496 5

613 4539 668 4581 οο
