2954 5020
284 325 325 409 78
576 327 779 390 ΓΕΩΡΓΙΟΤ
800 327 1095 389 ΧΟΙΡΟΒΟΣΚΟΎ
1396 323 1422 380 K
1466 321 1475 342 ⁸

277 499 330 570 καῖ
347 495 439 596 παρῶ
457 496 628 574 Ἀττικοῖς
644 495 791 591 ὀξύνεται
814 497 867 568 καῖ
894 501 1034 580 θηλυκῶς
1057 496 1207 590 λέγεται.
1259 493 1387 566 Ταῦτα

277 615 354 712 περῖ
370 620 436 686 τῶν
452 611 672 699 δισυλλάβων.

283 815 287 822 ¹
329 727 386 800 Τὰ
404 728 438 800 δέ
453 729 533 826 ὑπὲρ
551 727 607 800 δύο
624 725 810 816 συλλαβάς,
827 725 989 824 μετοχικιῖ
1011 725 1070 812 μὲν
1087 727 1179 812 ὄντα,
1194 725 1246 800 θιά
1262 731 1324 800 τοιῖ
1338 756 1386 798 m·

279 847 455 931 κλίνονται,
472 846 524 916 καῖ
542 844 696 929 δηλονότι
711 845 872 943 τρέπουσι
888 843 931 916 τὸ
955 875 976 916 ο
996 847 1038 922 είς
1054 841 1097 916 τά
1116 875 1136 915 ο
1153 845 1185 915 έν
1196 851 1246 938 τῇ
1260 850 1384 938 γενικῇ,

279 960 349 1034 οῖον
374 962 508 1034 Φαέθων
525 962 731 1044 Φαέθοντος,
758 960 1023 1060 Πυριφλεγέθων
1046 959 1413 1059 Πυριφλεγέθοντος,5

280 1075 536 1175 Πολυσπέρχων
563 1077 882 1175 Πολυσπέρχοντος·
933 1077 1109 1174 παρώνυμα
1139 1076 1173 1148 δέ
1202 1077 1294 1160 ὄντα,
1325 1076 1383 1150 διὰ

279 1199 341 1266 τοῦ
366 1224 388 1264 ο
412 1195 591 1280 κλίνονται,
617 1193 686 1266 οῖον
712 1191 839 1286 ἁγαθός
864 1189 998 1285 άγάθων
1016 1190 1221 1286 Ἀγάθωνος,
1238 1195 1385 1273 κίναιθος

280 1309 444 1383 Κιναίθων
461 1311 669 1388 Κιναίθωνος.
721 1307 774 1380 Τὸ
791 1309 969 1405 ἐνοσίχθων
985 1309 1193 1406 ε’νοσίχθονος
1209 1307 1262 1382 θιά
1278 1317 1345 1382 ποῶ
1362 1343 1384 1384 ο

279 1425 389 1499 κλιθέν
414 1433 477 1498 τοιῖ
504 1430 627 1511 ἁπλοῦ,
653 1425 740 1523 φημῖ
766 1423 803 1507 δὴ
829 1431 891 1498 τοῦ
916 1424 1004 1522 χθῶν
1029 1423 1160 1522 χθονός,
1183 1426 1244 1510 τὴν
1270 1427 1384 1498 κλίσιν

280 1541 453 1641 ἐφύλαξεν,
471 1543 648 1639 ἐνοσίχθων
665 1540 700 1613 θέ
715 1543 808 1614 ἐστιν
824 1543 843 1612 ὁ
861 1542 921 1626 τῖην
936 1549 998 1634 γῆν
1014 1547 1116 1615 κινῶν.
1397 1561 1434 1604 10

196 1668 272 1753 64b
332 1657 387 1730 Τὰ
410 1662 454 1738 εῖς
474 1689 519 1731 nu
541 1663 694 1751 λήγοντα
717 1657 907 1746 δισύλλαβα
930 1657 1109 1755 βαρύτονα,
1127 1658 1250 1755 ἔχοντα
1270 1655 1385 1752 ψιλῶν

280 1777 455 1874 σύμφωνον
485 1773 553 1874 πρὸ
582 1780 645 1848 τοῦ
673 1805 705 1858 ο,
724 1771 936 1872 φυλάττουσι
963 1771 1006 1847 τό
1036 1805 1057 1846 ο
1079 1775 1134 1845 έπῖ
1161 1781 1220 1858 τῆς
1245 1784 1384 1868 γενικῆς.

281 1892 374 1964 Ψιλᾶ
393 1892 427 1963 δέ
443 1893 506 1962 εῖσῖ
523 1893 601 1989 τρία
624 1921 658 1976 x,
676 1921 711 1977 ιι,
729 1922 759 1962 τ.
793 1891 982 1962 Ἔστωσαν
999 1888 1033 1963 δέ
1046 1890 1302 1988 παραδείγματα
1318 1899 1385 1964 τοῦ

280 2007 411 2084 κανόνος
429 2012 547 2078 ταῦτα·
575 2005 720 2078 Χάλκων
741 2004 931 2091 Χάλκωνος,
949 2009 1037 2099 (ἔστι
1062 2005 1096 2078 δέ
1119 2007 1223 2091 ὄνομα
1244 2009 1383 2106 κύριον,)

281 2122 434 2194 Γλαύκων
461 2122 659 2208 Γλαύκωνος,
690 2121 809 2196 Λάκων
840 2120 1005 2206 Λάκωνος,
1033 2123 1066 2214 (ὁ
1098 2121 1382 2218 Λακεδαιμόνιος,)
1400 2161 1410 2200 ι
1416 2162 1434 2218 5

281 2239 417 2338 Δόρκων
440 2240 619 2336 Δόρκωνος,
642 2239 777 2312 Κνάκων
802 2237 982 2323 Κνάκωνος,
1009 2239 1076 2328 (καῖ
1102 2241 1121 2310 ὁ
1146 2237 1257 2318 λευκάς
1280 2241 1335 2311 καῖ
1362 2242 1382 2310 ὁ

280 2353 428 2452 πυρρὸς,)
447 2353 600 2439 Λάμπων
618 2354 817 2442 Λάμπωνος,
836 2357 924 2447 (ἔστι
943 2355 977 2428 δὲ
993 2357 1096 2437 ὄνομα
1112 2357 1246 2454 κύριον,)
1266 2355 1385 2427 Πλού-

280 2500 345 2541 των
363 2469 572 2552 Πλούτωνος,
596 2470 629 2558 (ὁ
647 2469 775 2558 Ἅιδης,
798 2469 889 2569 παρὰ
911 2472 953 2544 τὸ
971 2481 1128 2544 πλουτεῖν
1144 2482 1216 2550 τοῖς
1227 2479 1382 2569 -νεκροῐς,)

282 2581 432 2656 Πλάτων
459 2582 655 2671 Πλάτωνος,
681 2587 805 2660 Μέτων
827 2588 994 2672 Μέτωνος,
1021 2589 1185 2678 (ὀνόματα
1211 2587 1245 2660 θῖ
1271 2595 1383 2660 ταῶ-τα

279 2702 396 2799 κύρια,)
416 2701 540 2773 Μάτων
557 2701 717 2781 Μύτωνος
737 2704 770 2794 (ὁ
789 2705 1041 2801 Μιτυληναῖος,)
1060 2703 1188 2777 Κάτων
1205 2701 1382 2791 Κάτωνος,
1395 2745 1433 2783 20

281 2817 416 2890 Καύκων
446 2819 627 2902 Καύκωνος,
659 2819 762 2910 (ἔθνος
792 2819 827 2891 θέ
855 2824 935 2892 εῖσιν
965 2824 998 2892 οῖ
1026 2821 1218 2914 Καύκωνες,)
1248 2817 1383 2918 θράπων

280 2932 456 3032 θράπωνος,
486 2935 518 3024 (ὁ
546 2934 719 3032 δραπέτης,
745 2938 1026 3033 ὑποκοριστικῶς)
1057 2933 1180 3008 Σάπων
1210 2933 1382 3018 Σάπωνος,

281 3052 421 3121 Δούπων
438 3051 621 3134 Δούπωνος,
641 3047 698 3144 (εἷς
723 3056 789 3123 τῶν
813 3053 1017 3151 κενταύρων,)
1030 3051 1174 3150 Ἐρπων
1190 3051 1382 3147 Έρπωνος,

282 3167 399 3256 (ὄνομα
424 3167 556 3263 κύριον,)
579 3163 701 3238 Λύκων
725 3166 894 3252 Δύπωνος,
918 3169 985 3260 (καῖ
1011 3167 1092 3240 αι’ττῖι
1117 3169 1221 3254 ὄνομα
1245 3169 1382 3267 κύριον.)

281 3282 336 3354 Τὸ
353 3281 472 3366 Κίκων,
489 3285 595 3382 κύριον
610 3282 669 3369 μέν
687 3282 735 3369 θν,
754 3281 923 3382 φυλάσσει
939 3284 982 3358 τό
1004 3317 1026 3358 α
1042 3287 1074 3356 ε’ν
1095 3292 1138 3380 τῇ
1162 3291 1275 3380 γενικῇ.
1292 3282 1430 3378 tem-(⁸125

279 3399 342 3476 τὸν
365 3402 482 3474 κανόνα
506 3408 639 3490 τοῦτον,
659 3398 729 3472 οῖον
750 3401 905 3486 Κίκονας,
921 3399 1044 3475 ἐθνικῶν
1065 3400 1100 3472 δέ
1123 3400 1304 3494 λεγόμενον
1327 3399 1382 3472 διὰ

280 3525 342 3592 τοῦ
368 3551 387 3590 ο
413 3519 569 3606 κλίνεται,
593 3515 796 3616 παραλόγως
821 3515 867 3603 θέ,
891 3519 932 3595 ὡς
960 3515 1053 3616 παρὰ
1077 3523 1126 3608 τῷ
1152 3523 1286 3612 ποιητῇ,
1309 3515 1383 3590 οῖον

286 3640 367 3724 [οᾱ·
386 3633 416 3706 ι’·
433 3639 491 3724 47]

606 3736 709 3792 κωκι
723 3737 843 3792 κοιλ..
856 3740 995 3810 μημιον.

281 3867 344 3936 Δεῖ
360 3866 551 3960 προσθεῖναι
569 3865 601 3934 ε’ν
617 3870 665 3955 τῷ
682 3865 801 3950 κανόνι,
818 3865 863 3950 μῖη
880 3867 961 3938 ὄντα
978 3865 1067 3939 κοινά
1084 3873 1134 3959 τῷ
1152 3869 1249 3961 γένει,
1266 3863 1318 3938 διά
1336 3865 1381 3940 τὸ
1392 3889 1432 3948 30

281 3982 403 4066 πέπων,
426 3981 585 4070 (σημαίνει
609 3978 724 4058 θέτόν
747 3984 1078 4080 προσφιλέστατον,)
1103 3985 1157 4056 καῖ
1183 3985 1301 4077 γείτων
1325 3985 1380 4055 καῖ

280 4098 412 4168 τέκτων·
438 4101 546 4167 ταῦτα
572 4094 640 4196 γάρ
665 4097 825 4194 τρέπουσι
851 4097 894 4170 τό
918 4131 939 4172 α
963 4102 1005 4178 τίς
1027 4097 1070 4172 τό
1096 4131 1116 4172 ο
1140 4102 1172 4172 έν
1193 4106 1238 4194 τῇ
1258 4107 1380 4194 γενικῇ.

281 4209 350 4283 οῖον
366 4211 517 4292 πέπονος,
536 4211 693 4303 γείτονος,
710 4214 872 4298 τέκτονος,
891 4214 981 4286 άλλά
1007 4213 1097 4288 κοινά
1122 4219 1185 4288 είσι
1208 4221 1256 4308 τῷ
1281 4217 1383 4310 γένει,

280 4331 299 4400 ὁ
317 4329 429 4418 πέπων
446 4325 515 4425 γάρ
531 4328 584 4398 καῖ
602 4331 620 4410 ἡ
637 4329 758 4410 πέπων,
769 4330 843 4402 άντῖ
859 4337 922 4404 τοῦ
937 4335 956 4414 ἡ
973 4330 1270 4430 προσφιλεστάτη,
1287 4335 1343 4406 καῖ
1361 4338 1381 4406 ὀ

281 4442 398 4534 γείτων
413 4441 465 4514 καῖ
484 4445 502 4526 ἦ
520 4441 647 4536 γείτων,
660 4443 713 4514 καῖ
729 4443 748 4514 ὁ
765 4444 887 4518 τέκτων
899 4446 951 4518 καῖ
970 4450 989 4530 ἡ
1005 4447 1137 4520 τέκτων.
1170 4445 1380 4546 Πρόσκειται
1392 4477 1430 4536 35
1469 4505 1470 4525 ι
