2966 5014
386 291 531 351 ΕῙΣΤΟ
554 290 846 352 ΟΝΟΜΑΤΙΚΟΝ.
1104 297 1161 365 137

46 459 263 556 Ἡρακλοῦς,
281 457 461 556 Σοφοκλῆς
477 458 685 556 Σοφοκλοῦς·
708 458 768 541 τήν
785 453 837 528 διά
849 460 912 529 τοῦ
929 485 981 539 υτ,
994 455 1077 527 ὅταν
1094 452 1162 526 άπὸ

50 576 275 672 συναιρέσεως
306 579 371 645 τῶν
404 576 447 651 είς
481 603 503 644 ιτ
536 574 625 658 ῶσιν,
660 570 729 645 οίον
763 571 915 670 ῦαφνήεις
951 569 1162 668 δαφνήεντος,

52 687 177 786 ῦαφνῆς
191 689 394 788 ῦαφνῆντος,
405 693 529 773 τιμήεις
544 692 716 772 τιμήεντος
729 696 895 773 τιμῆντος,
915 689 969 781 [ll.
988 685 1031 758 σ’.
1048 709 1089 777 47
1092 688 1140 778 5.]

346 813 448 886 χρυσὸν
460 815 569 884 τιμῶντα
582 813 623 868 καί
636 813 758 886 ὅργνρον.

53 917 106 988 Τά
133 917 171 990 δὲ
193 916 299 1002 μηδὲν
328 918 362 987 έκ
390 917 515 988 τούτων
543 917 677 1012 ἔχοντα,
704 916 862 989 τουτέστι
894 913 967 1012 (μή)
997 912 1089 1012 παρὰ
1118 911 1187 992 τό5

51 1035 145 1110 κλέος
174 1034 275 1115 ὄντα,
305 1035 389 1116 μήτε
413 1030 482 1102 ἆπὸ
507 1032 715 1128 συναιρέσεως
740 1037 806 1104 τῶν
837 1035 879 1109 είς
906 1059 996 1114 ποτε,
1027 1032 1069 1107 είς
1101 1030 1162 1111 τήν

54 1177 92 1217 ατ
125 1147 332 1245 δίφθογγον
364 1148 477 1244 ἔχουσι
518 1147 579 1230 τήν
612 1146 746 1240 γενικήν,
781 1143 850 1217 οἷον
884 1145 997 1228 Θαλῆς
1035 1145 1161 1228 Θαλοῦ,

48 1261 181 1360 Ἑρμῆς
199 1263 347 1360 Ἑρμοῦ,
374 1263 490 1345 Σωσῆς
516 1262 645 1346 Σωσοῦ,
672 1261 812 1359 Ναρσῆς
840 1261 992 1359 Ναρσοῦ,
1013 1259 1162 1346 Ἀπελῆς

54 1375 218 1460 Ἀπελοῦ,
240 1376 385 1460 Μιυῦσῆς
401 1377 559 1450 Μωῦσοῦ.
613 1375 831 1465 “Ἰαμβικόν”
852 1374 887 1448 δέ
906 1376 1090 1475 προσέθηκε
1113 1383 1162 1469 τῷ

55 1493 159 1563 κανόνι
188 1490 247 1564 διὰ
263 1490 310 1566 τά
327 1491 534 1576 σπονῦειακῦ,
561 1493 636 1591 περὶ
656 1493 699 1564 ῶν
722 1493 837 1578 μέλλει
863 1492 984 1586 λέγειν·
1014 1493 1083 1564 οίον
1109 1492 1161 1566 διὰ
1174 1524 1209 1563 10

55 1603 95 1676 τὸ
121 1606 268 1706 Χρύσης
297 1607 443 1706 Χρύσου,
471 1607 605 1706 Πέρσης
631 1609 778 1707 Πέρσου,
798 1611 850 1680 καί
877 1609 999 1706 Ξέρξης
1024 1607 1162 1709 Ξέρξου.

58 1718 272 1818 Πράσκειται
299 1735 319 1766 “
331 1724 376 1806 μή
402 1724 524 1820 έχοντα
554 1726 606 1796 ἐπ’
630 1725 750 1802 εὐθείας
777 1722 820 1796 τὸ
848 1725 896 1809 τ,”
920 1723 971 1796 διὰ
998 1723 1042 1797 τὸ
1067 1725 1164 1810 ὃότης

58 1837 164 1923 ῦάτοο,
191 1840 250 1912 καί
276 1840 372 1924 θύτης
406 1840 513 1923 θύτου,
542 1841 596 1911 καί
625 1840 751 1924 πλύτης
784 1840 922 1913 πλύτου·
956 1847 1064 1914 ταῦτα
1094 1841 1163 1939 γάρ

59 1955 180 2052 ἔχοντα
206 1959 263 2029 ἐπ’
280 1958 399 2034 εύθείας
422 1953 465 2028 τά
490 1987 510 2028 τ
532 1959 576 2033 είς
601 1957 661 2040 τήν
684 1987 723 2029 οτ
744 1956 937 2054 δίφθογγον
962 1959 1077 2055 ἔχουσι
1102 1960 1164 2042 τήν

62 2078 196 2160 γενικήν.
243 2071 442 2145 Ἀντίκειται
461 2071 504 2145 τίν
522 2069 660 2168 Κράτης
677 2069 869 2168 Κράτητος,
886 2073 964 2169 ἔχον
980 2075 1029 2144 ἐπ’
1045 2076 1163 2154 εὐθείας
1175 2103 1210 2166 15

62 2185 101 2256 τὸ
117 2219 137 2260 τ
158 2192 213 2262 καί
238 2192 283 2274 μή
308 2193 385 2287 ἔχον
408 2193 451 2268 είς
475 2191 536 2274 τήν
560 2220 599 2262 οτ
623 2189 817 2286 δίφθογγον
840 2190 901 2272 τήν
924 2194 1058 2282 γενικήν·
1084 2191 1163 2262 ἄλλ’

65 2301 126 2398 ἔχει
152 2306 344 2400 ίιτολύγαν,
365 2307 420 2379 ὅτι
447 2305 515 2378 άπὸ
538 2312 600 2378 τοῦ
622 2305 810 2388 ἐνεστῶτος,
834 2305 920 2402 φημί
947 2303 984 2388 δή
1010 2304 1078 2377 άπὸ
1103 2313 1165 2378 τοῦ

65 2425 181 2512 κρατῶ,
206 2423 277 2518 ἔχει
302 2421 345 2494 τὸ
370 2452 400 2495 τ.
452 2421 507 2492 Τά
538 2419 606 2519 γὰρ
631 2423 674 2498 είς
702 2451 744 2492 nx
771 2418 908 2508 ιάμβικὰ
934 2421 1057 2518 ἔχοντα
1082 2423 1165 2506 σύμ-

68 2538 170 2626 φωνον
186 2535 258 2609 άπὸ
274 2543 336 2610 τοῦ
351 2539 529 2614 ἐνεστῶτος
546 2535 598 2608 διὰ
614 2541 677 2608 τοῦ
698 2567 758 2607 τον
781 2537 958 2619 κλίνονται,
976 2533 1045 2608 οἷον
1060 2538 1164 2624 λείβω

68 2649 161 2735 λέβης
187 2655 344 2743 λέβητος,
371 2652 468 2750 άαίριο
494 2649 606 2750 Δάρης
630 2649 794 2746 Δάρητος,
817 2651 923 2748 χαίρω
947 2650 1065 2748 Χάρης
1087 2649 1212 2725 Χά-αο

69 2790 171 2853 Ρυτος,
198 2769 316 2860 (ὄνομα
341 2765 495 2839 δὲταῦτα
519 2772 716 2863 στρατηγοῦ
739 2770 805 2836 τῶν
825 2764 1031 2857 Ἀθηναίων,)
1048 2771 1164 2837 πλανῶ

71 2877 187 2964 πλάνης
201 2878 380 2966 πλάνητος,
403 2887 499 2954 πεινῶ
516 2881 610 2964 πένης
626 2881 773 2964 πένητος,
791 2879 902 2978 τρέμω
919 2879 1054 2978 Τρόμης
1072 2879 1164 2979 Τρά-

71 3017 174 3072 μητος·
202 2997 318 3089 (οὕτως
342 2997 376 3070 ῦὲ
401 2997 540 3090 έλέγετο
557 2998 576 3067 ὁ
594 2997 706 3095 πατήρ
723 2995 890 3094 Αἰσχίνου
910 3001 972 3069 τοῦ
995 2999 1163 3093 ῥήτορος)

74 3102 164 3186 Οὗτος
188 3109 243 3184 οῦν
262 3113 314 3184 καὶ
341 3110 410 3184 άπὸ
434 3119 495 3184 τοῦ
524 3117 634 3209 κρατῶ
660 3113 785 3206 γίνεται
810 3109 947 3208 Κράτης
971 3109 1163 3209 Κράτητος.

71 3215 111 3285 ‘0
127 3222 193 3322 γάρ
218 3225 314 3311 δύτης
339 3229 464 3312 πλύτης
490 3229 586 3312 θύτης
612 3230 667 3299 ούκ
691 3230 824 3326 ἔχουσιν
840 3224 909 3298 άπὸ
925 3228 1105 3304 ἐνεστῶτος
1120 3225 1163 3298 τὸ
1175 3261 1209 3322 25

76 3355 100 3398 Φ·
116 3333 165 3410 3ιᾶ
188 3347 293 3414 τοῦτο
310 3345 365 3414 οῦκ
390 3344 605 3427 ήκολούθησεν
621 3354 693 3421 τοῖς
717 3345 831 3440 ἔχουσι
852 3339 895 3413 τά
912 3371 932 3413 τ
948 3339 991 3413 τὸ
1016 3338 1163 3437 Κράτης,

76 3444 155 3524 ἆλλᾶ
166 3469 239 3536 τοῖς
254 3461 368 3555 ἔχουσι
386 3457 428 3531 τὸ
446 3461 621 3558 σύμφωνον
636 3467 699 3532 τοῦ
718 3462 907 3533 ἐνεστῶτος.
960 3456 1101 3530 Τούτοις
1118 3454 1164 3538 δὲ,

77 3566 152 3654 Φημί
175 3583 248 3650 τοῖς
271 3576 383 3670 ἔχουσι
409 3573 451 3646 τά
476 3605 506 3658 τ,
525 3577 697 3648 ἀκολουθεῖ
720 3573 806 3646 κατὰ
830 3573 890 3656 τήν
912 3573 1021 3642 κλίσιν
1043 3572 1095 3642 καί
1120 3570 1163 3644 τά

77 3672 188 3768 Σκύθης
216 3688 353 3760 Σκύθου·
381 3687 505 3773 Σκύτης
522 3687 589 3788 γάρ
615 3691 662 3774 ἧν,
679 3691 731 3761 καί
748 3687 835 3762 κατὰ
859 3685 1037 3772 μετάθεσιν
1057 3696 1120 3762 τοῦ
1144 3719 1163 3761 π

78 3792 113 3867 ⁶3⁹
129 3826 147 3866 θ
163 3804 282 3895 γέγονε
298 3803 433 3889 Σκύθης,
450 3803 562 3902 ῶσπερ
588 3806 640 3876 καί
662 3802 731 3877 άπί)
751 3811 813 3878 τοῦ
837 3807 929 3883 μένος
955 3806 1075 3899 γέγονε
1091 3807 1165 3878 Με-
1174 3837 1212 3894 30

81 3906 180 3996 νὲστης
206 3917 257 3988 καί
287 3916 372 3989 κατὰ
401 3917 579 4002 μετάθεσιν
608 3925 670 3992 τοῦ
698 3951 718 3992 π
740 3923 783 3997 εἰς
809 3951 829 3991 ο
858 3921 1038 4005 Μενέσθης,
1064 3921 1103 4016 ἐξ
1128 3925 1165 3995 οῦ

81 4021 191 4108 γίνεται
210 4031 392 4110 Μενεσθεύς
415 4034 467 4104 καί
486 4035 679 4112 Μενέσθιος.
731 4034 846 4113 Οῦτως
869 4034 992 4108 οὖνκαὶ
1012 4037 1081 4109 άπὸ
1104 4046 1166 4110 τοῦ

85 4131 193 4230 Σκύτης
218 4149 337 4242 γέγονε
362 4149 496 4232 Σκύθης·
524 4149 651 4228 Σκύθας
672 4146 741 4248 γάρ
763 4153 869 4246 φασιν
885 4148 954 4222 ἁπά
971 4157 1031 4223 τοῦ
1047 4153 1188 4232 σνύταςΙ

85 4254 194 4350 Φορεῖν,
211 4268 309 4356 ήγουν
326 4262 370 4336 τὰ
391 4263 549 4362 δέρματα,
566 4271 638 4348 ήτοι
657 4263 719 4341 τὰς
736 4267 915 4358 λεγομένας
932 4264 1165 4362 λαρῦογούνας.

87 4358 187 4448 Ταῦτα
202 4378 260 4462 μὲν
275 4381 308 4452 έν
324 4379 467 4458 τούτοις.
1179 4419 1194 4474 3
1200 4413 1214 4474 5

614 4516 646 4557 T,
