2954 5024
400 318 468 384 212
489 321 546 383 το
567 321 863 384 οεοιικιιιιοιι.
1121 333 1185 402 ιιι

50 494 186 574 Θῆναι,
205 483 275 562 οἷον
289 487 351 562 τὸν
366 489 485 590 εύφυέα
500 489 563 563 τὸν
577 491 692 590 εύφνᾶ,
708 486 770 564 τὸν
785 489 879 585 ύγιέα
901 487 963 564 τθν
982 491 1072 584 ύγιᾶ.
1115 488 1187 574 Τῆς

51 604 127 678 οὖν
160 606 343 689 αἰτιατικῆς
367 607 421 678 ἐπὶ
447 605 573 680 τούτων
597 607 642 692 μῆ
666 607 863 692 κωλυομένης
887 610 1121 704 σνναιρεθῆναι,
1141 607 1187 678 εἶ·

53 723 185 801 κότως
202 725 279 796 οὔτε
298 727 317 807 ῆ
334 725 442 819 γενικῆ
464 725 620 797 κωλύεται
646 726 878 824 σνναιρεθῆναι.
930 721 1050 794 Ταῦτα
1072 719 1132 806 μέν
1152 721 1186 794 έν

56 839 227 916 τούτοις.

122 953 263 1026 Ἰατέαν
280 953 314 1028 δέ
331 955 385 1028 ὅτι
403 953 456 1028 διὰ
476 955 536 1039 τῆν
558 953 667 1028 αι’τύαν
689 955 750 1039 τῆν
771 958 951 1054 λεχθεῖσαν
974 953 1029 1026 &vi
1054 957 1120 1027 τῶν
1143 953 1213 1032 εῒς5

60 1099 112 1142 ‘rx
131 1075 205 1142 τῶν
221 1070 363 1168 ε’χόντων
379 1071 626 1168 προηγούμενον
643 1071 830 1169 σύμφωνον,
847 1073 924 1144 αιἰτε
947 1066 993 1142 πᾶ
1018 1071 1062 1148 εἷς
1086 1097 1120 1142 ιτ
1139 1067 1186 1142 τὰ

61 1183 129 1258 διὰ
149 1191 216 1258 τοῦ
233 1215 297 1258 κατ
311 1187 483 1272 κλινόμενα
501 1185 649 1260 δύνανται
670 1187 853 1285 σνναέρεσιν
869 1183 1082 1280 ἐπιδέξασθαι
1099 1183 1187 1258 κατὰ

63 1303 138 1384 τῆν
157 1302 298 1394 γενικῆν,
314 1298 395 1388 οἷον,
414 1302 492 1401 ὄφις
509 1303 620 1401 ὄφεος,
637 1302 737 1380 πόλις
754 1302 886 1386 πόλεος,
902 1299 1019 1386 μάντις
1038 1299 1186 1388 μα’ντιος,

68 1416 205 1514 πρᾶξις
228 1415 386 1516 πράξεως,
410 1417 517 1502 έπειθῆ
537 1417 590 1490 καὶ
614 1419 668 1492 ἐπὶ
693 1419 820 1494 τούτων
842 1419 919 1492 οθτε
944 1419 987 1498 εἷς
1004 1447 1027 1491 n
1049 1416 1186 1502 ῆθύνατο

71 1532 163 1606 εἶναι
188 1539 207 1618 ἡ
230 1535 395 1619 αι’τιατικῆ
419 1537 496 1608 ούτε
518 1537 561 1614 εἶς
577 1563 610 1608 κ.
660 1533 725 1614 Εἷς
747 1565 770 1608 ιε
795 1532 945 1634 μὲνγὰρ
969 1535 1025 1607 αύκ
1049 1533 1236 1620 η’θύναταῐο

74 1650 163 1724 εἶναι
182 1654 201 1733 ῆ
218 1651 382 1735 αι’τιατικῆ
401 1649 453 1724 διὰ
468 1649 512 1725 πθ
529 1652 589 1736 τῆν
605 1652 758 1737 κλητικῆν
771 1655 814 1730 εἷς
827 1656 950 1750 φωνῆεν
965 1655 1094 1744 λῆγειν,
1105 1649 1187 1738 οἷον,

74 1769 108 1839 ὦ
130 1768 209 1865 ὅφι,
231 1767 257 1841 θ
279 1763 390 1852 μάντι,
413 1769 440 1839 ιθ
462 1764 609 1865 Πέρι,θ
628 1766 743 1868 τρᾶξι·
774 1765 910 1866 τὸγὰρ
933 1765 1060 1865 θὸφις
1083 1767 1137 1838 καὶ
1161 1767 1189 1839 ιθ

76 1881 203 1968 μάντις
226 1883 277 1955 καὶ
303 1884 329 1956 ὦ
352 1879 473 1982 πρᾶξις
497 1882 643 1959 Ἀττικά
667 1887 758 1956 εἰσιν·
790 1885 833 1962 εἷς
854 1913 875 1956 ι
897 1882 931 1956 δὲ
954 1882 1010 1955 ούκ
1032 1879 1186 1966 ἠδύναντο

79 1996 165 2070 εἶναι
183 1994 235 2069 θιᾶ
252 1995 294 2070 τὸ
311 1998 487 2095 σύμφωνον
503 2002 724 2095 προηγεῖσθαι
741 2004 803 2070 τοῦ
819 2029 851 2086 ε,
868 1993 937 2070 οἷον
954 1998 1042 2096 ὄφεα
1060 1992 1187 2082 μα’ντεα

80 2114 196 2186 πόλεα
212 2111 353 2211 πρόξεα.
378 2113 483 2192 Ἧτις
496 2115 659 2197 αι’τιατικῆ
673 2113 725 2186 καὶ
742 2113 936 2186 ἐπιλέλοιπε
951 2111 1037 2186 κατὰ
1054 2121 1187 2211 χρῆσιν,
1198 2137 1234 2199 15

81 2231 178 2324 λέγω
193 2229 229 2314 θῆ
247 2232 289 2308 εἷς
304 2260 324 2301 ιι
339 2230 401 2326 (κ),
414 2227 475 2302 τὸν
492 2231 572 2327 ὄφιν
584 2227 652 2328 γὰρ
669 2229 722 2301 καὶ
738 2227 799 2302 τὸν
815 2227 932 2314 μύντιν
944 2230 996 2302 καὶ
1013 2230 1073 2316 τῆν
1086 2229 1188 2303 πόλιν

83 2347 141 2419 καὶ
157 2347 217 2431 τῆν
232 2345 353 2445 πρᾶξιν
368 2347 471 2432 μόνως
486 2348 637 2441 λέγεται.

139 2463 275 2538 Τούτων
303 2463 404 2542 ούτως
431 2463 585 2561 ἐχόντων,
611 2465 662 2536 ἔτι
689 2465 904 2537 ὑπολείπεται
934 2468 1008 2550 ῆμΐν
1035 2461 1187 2566 ζητῆσαι,

86 2579 177 2654 θιοπέ
198 2581 252 2652 ἐπὶ
272 2579 314 2654 τὸ
328 2579 519 2679 Ἐρετριεύς
535 2579 588 2651 καὶ
606 2578 776 2676 Πειραιεύς
791 2581 843 2652 καὶ
863 2579 1027 2681 Στειριεὺς
1044 2578 1112 2654 ἆτθ
1129 2589 1188 2667 τῆς

88 2695 247 2779 Ἀττικῆς
266 2704 400 2789 γενικῆς,
417 2696 504 2795 φημὶ
530 2694 568 2780 θῆ
592 2706 651 2782 πῆς
676 2695 728 2769 θιᾶ
753 2703 815 2770 τοῦ
841 2727 861 2768 ιι
886 2697 939 2768 καὶ
962 2727 997 2782 ιι,
1012 2698 1146 2792 ἐγένετο
1168 2701 1237 2782 ῆιο

88 2815 202 2907 κρᾶσις
225 2809 311 2884 κατὰ
336 2813 397 2897 τῆν
420 2814 556 2908 γενικῆν,
579 2811 650 2886 οἷον
673 2813 868 2911 Ἐρετριέως
889 2811 1082 2911 Ἐρετρικῆς,
1106 2813 1189 2888 Πει-

80 2928 199 3027 ραιέως
212 2925 383 3024 Πειραιῶς,
398 2929 570 3026 Στειριέως
584 2930 752 3028 Στειριῶς,
764 2930 817 3002 καὶ
836 2929 892 3001 ούκ
908 2925 977 3001 ἀπὸ
993 2937 1051 3014 τῆς
1065 2937 1190 3024 γενικῆς

92 3052 149 3128 τῆς
162 3051 273 3127 κοινῆς,
291 3044 378 3140 φημὶ
396 3042 433 3127 θῆ
450 3051 509 3127 τῆς
525 3041 577 3116 θιᾶ
601 3051 662 3117 τοῦ
686 3075 706 3118 ιι
729 3045 782 3116 καὶ
806 3077 837 3120 ο.
889 3045 960 3117 Καὶ
981 3046 1073 3120 ἔστιν
1090 3047 1190 3119 εἰπεῖν

92 3161 210 3244 ταύτην
234 3161 294 3245 τῆν
320 3161 520 3254 ἆπολογύον·
549 3161 678 3240 εἰκότως
705 3160 773 3234 ἀπὸ
798 3171 856 3246 τῆς
882 3160 1040 3247 Ἀττικῆς
1065 3169 1190 3258 γενικῆς

94 3279 220 3372 ἐγένετο
244 3281 261 3361 ῆ
286 3281 401 3376 κρᾶσις
422 3279 474 3351 καὶ
500 3280 556 3350 ούκ
578 3277 647 3352 ἀπὸ
671 3287 731 3364 τῆς
751 3288 865 3365 κοινῆς,
883 3277 991 3362 έπειθῆ
1008 3281 1036 3351 ει’
1056 3279 1188 3374 ἐγένετο
1199 3307 1235 3370 25

96 3393 161 3468 ἀπὸ
183 3403 242 3480 τῆς
265 3403 368 3480 κοινῆς
391 3403 526 3490 γενικῆς,
548 3399 688 3480 ἤμελλεν
710 3398 753 3474 εἰς
777 3423 837 3467 οτι
859 3393 938 3467 εἶναι
964 3399 982 3478 ῆ
1006 3395 1126 3488 γενικῆ,
1144 3393 1189 3468 τὸ

97 3509 162 3610 γᾶρ
179 3543 197 3584 κ
213 3514 265 3584 καὶ
284 3544 303 3584 ο
322 3516 365 3592 εἷς
381 3514 441 3597 τῆν
459 3545 491 3586 ιιι
509 3514 580 3610 (ος)
594 3513 787 3611 θέφθογγον
799 3512 976 3608 κίρνανται,
990 3505 1059 3581 οἷον
1077 3510 1191 3594 Δημο-

98 3629 220 3706 σθένεος
233 3629 471 3716 Δημοσθένους,
480 3632 631 3720 εὐσεβέος
643 3631 804 3718 εύαεβαΰς·
818 3635 876 3712 τῆς
890 3625 923 3699 θὲ
937 3634 1061 3721 γενικῆς
1073 3628 1116 3705 εἶς
1127 3630 1189 3698 ἀττ

98 3745 199 3829 ούαης,
215 3741 419 3845 ῆναγκᾶζετο
437 3750 455 3830 ῆ
473 3747 637 3831 αι’τιατικῆ
654 3749 854 3838 κοταλῆγειν
868 3745 911 3822 εἷς
930 3773 963 3816 ιι.
996 3739 1190 3828 Ἐμᾶθομεν

47 3897 59 3921 ·
100 3860 172 3960 γὰρ,
193 3861 247 3934 ὅτι
272 3864 368 3934 πᾶσα
389 3864 495 3958 γενικῆ
513 3863 663 3962 ἆρσενικῆ
681 3864 723 3940 εἷς
741 3891 801 3932 αττ
816 3864 970 3954 λῆγαυσα
991 3860 1078 3933 θέλει
1104 3861 1239 3958 ἔχεινηα

99 3979 154 4062 τῆν
176 3979 356 4062 αι’τιατικῆν
381 3982 425 4058 εἰς
450 4009 473 4052 ιε
498 3984 766 4075 καταλῆγανσαν,
784 3973 853 4049 οἷον
875 3983 937 4050 τοῦ
963 3978 1191 4062 Δημοσθένους

100 4091 155 4166 τὸν
169 4093 372 4179 Δημοσθένη,
390 4103 452 4168 τοῦ
468 4097 612 4190 εύγεναΰς
628 4094 688 4170 τθν
711 4095 833 4189 εύγενῆ,
852 4100 915 4168 τοῦ
939 4099 1113 4179 κακοῆθονς
1129 4091 1190 4168 τθν

101 4213 240 4293 κακοῆθη·
265 4217 324 4294 τῆς
340 4209 375 4282 δέ
395 4213 576 4297 αι’τιατικῆς
598 4216 641 4292 εἰς
665 4243 688 4284 ιι
711 4212 974 4305 καταληγούσης,
998 4211 1035 4282 ού
1058 4209 1190 4282 δύναται

105 4326 262 4411 ῆκλητικῆ
279 4328 322 4404 εἰς
339 4331 462 4424 φωνῆεν
478 4332 689 4422 καταλῆγειν,
707 4330 783 4400 ούτε
802 4328 881 4424 παρ’
899 4330 973 4410 ῆμῖν
995 4327 1073 4398 αύτε
1097 4319 1190 4419 πορθ

13 4453 62 4526 127
76 4453 166 4522 8τοῖς
184 4442 380 4528 Ἀθηναίοις,
397 4447 437 4522 ὡς
462 4446 667 4546 προείρηται.
718 4443 769 4548 Εέ
792 4441 846 4517 οθν
865 4447 975 4516 ταῦτα
999 4443 1042 4519 εἷς
1066 4445 1237 4537 φωνῆενης
