<?xml version="1.0" encoding="UTF-8"?>
<!DOCTYPE html PUBLIC "-//W3C//DTD XHTML 1.0 Transitional//EN"
    "http://www.w3.org/TR/xhtml1/DTD/xhtml1-transitional.dtd">
<html xmlns="http://www.w3.org/1999/xhtml" xml:lang="en" lang="en">
 <head>
  <title>
</title>
<meta http-equiv="Content-Type" content="text/html;charset=utf-8" />
  <meta name='ocr-system' content='tesseract 3.04.00' />
  <meta name='ocr-capabilities' content='ocr_page ocr_carea ocr_par ocr_line ocrx_word'/>
</head>
<body>
  <div class='ocr_page' id='page_1' title='image "./georgiichoerobo00choegoog/georgiichoerobo00choegoog_0514.png"; bbox 0 0 2972 5014; ppageno 0'>
   <div class='ocr_carea' id='block_1_1' title="bbox 7 321 1187 407">
    <p class='ocr_par' dir='ltr' id='par_1_1' title="bbox 7 321 1187 407">
     <span class='ocr_line' id='line_1_1' title="bbox 7 321 1187 407; baseline -0.001 -20"><span class='ocrx_word' id='word_1_1' title='bbox 7 324 46 389; x_wconf 65' lang='grc' dir='ltr'>ι’.</span> <span class='ocrx_word' id='word_1_2' title='bbox 402 325 468 388; x_wconf 71' lang='grc' dir='ltr'>ονε</span> <span class='ocrx_word' id='word_1_3' title='bbox 489 325 545 386; x_wconf 85' lang='grc' dir='ltr'>το</span> <span class='ocrx_word' id='word_1_4' title='bbox 568 325 861 387; x_wconf 77' lang='grc' dir='ltr'>ονονιιπιιιοιι.</span> <span class='ocrx_word' id='word_1_5' title='bbox 1123 321 1187 407; x_wconf 79' lang='lat'>3⁶7</span> 
     </span>
    </p>
   </div>
   <div class='ocr_carea' id='block_1_2' title="bbox 535 492 657 522">
    <p class='ocr_par' dir='ltr' id='par_1_2' title="bbox 535 492 657 522">
     <span class='ocr_line' id='line_1_2' title="bbox 535 492 657 522; baseline 0.025 -4"><span class='ocrx_word' id='word_1_6' title='bbox 535 492 657 522; x_wconf 52' lang='lat' dir='ltr'>§Qu</span> 
     </span>
    </p>
   </div>
   <div class='ocr_carea' id='block_1_3' title="bbox 65 492 1190 942">
    <p class='ocr_par' dir='ltr' id='par_1_3' title="bbox 65 492 1190 706">
     <span class='ocr_line' id='line_1_3' title="bbox 65 492 1190 593; baseline 0 -27"><span class='ocrx_word' id='word_1_7' title='bbox 65 498 109 567; x_wconf 83' lang='grc' dir='ltr'>ἐν</span> <span class='ocrx_word' id='word_1_8' title='bbox 140 499 263 593; x_wconf 73' lang='grc' dir='ltr'>χρήσει</span> <span class='ocrx_word' id='word_1_9' title='bbox 288 493 331 567; x_wconf 87' lang='grc' dir='ltr'>τά</span> <span class='ocrx_word' id='word_1_10' title='bbox 356 494 437 593; x_wconf 84' lang='grc' dir='ltr'>ὐφο,</span> <span class='ocrx_word' id='word_1_11' title='bbox 458 495 550 566; x_wconf 87' lang='grc' dir='ltr'>ἀλλα</span> <span class='ocrx_word' id='word_1_12' title='bbox 573 526 616 566; x_wconf 92' lang='grc' dir='ltr'>το</span> <span class='ocrx_word' id='word_1_13' title='bbox 637 499 790 592; x_wconf 90' lang='grc' dir='ltr'>υφασμα,</span> <span class='ocrx_word' id='word_1_14' title='bbox 816 499 856 572; x_wconf 84' lang='grc' dir='ltr'>ῶς</span> <span class='ocrx_word' id='word_1_15' title='bbox 881 492 973 592; x_wconf 86' lang='grc' dir='ltr'>παρά</span> <span class='ocrx_word' id='word_1_16' title='bbox 993 500 1043 586; x_wconf 77' lang='grc' dir='ltr'>τῷ</span> <span class='ocrx_word' id='word_1_17' title='bbox 1067 502 1190 590; x_wconf 97' lang='grc' dir='ltr'>ποιητῇ</span> 
     </span>
     <span class='ocr_line' id='line_1_4' title="bbox 72 613 392 706; baseline -0.019 0"><span class='ocrx_word' id='word_1_18' title='bbox 72 616 131 706; x_wconf 80' lang='lat' dir='ltr'>[v·</span> <span class='ocrx_word' id='word_1_19' title='bbox 154 617 221 684; x_wconf 80' lang='lat' dir='ltr'>0d·</span> <span class='ocrx_word' id='word_1_20' title='bbox 239 613 285 705; x_wconf 82' lang='grc' dir='ltr'>ν’·</span> <span class='ocrx_word' id='word_1_21' title='bbox 304 616 392 702; x_wconf 76' lang='lat'>274]</span> 
     </span>
    </p>

    <p class='ocr_par' dir='ltr' id='par_1_4' title="bbox 70 737 1187 942">
     <span class='ocr_line' id='line_1_5' title="bbox 248 737 622 810; baseline 0 -18"><span class='ocrx_word' id='word_1_22' title='bbox 248 738 392 810; x_wconf 77' lang='grc' dir='ltr'>ὑφάσματά</span> <span class='ocrx_word' id='word_1_23' title='bbox 405 759 444 804; x_wconf 83' lang='grc' dir='ltr'>τε,</span> <span class='ocrx_word' id='word_1_24' title='bbox 459 737 569 807; x_wconf 82' lang='grc' dir='ltr'>ε’σθῇτάς</span> <span class='ocrx_word' id='word_1_25' title='bbox 584 759 622 792; x_wconf 89' lang='grc' dir='ltr'>τε.</span> 
     </span>
     <span class='ocr_line' id='line_1_6' title="bbox 70 839 1187 942; baseline 0.002 -28"><span class='ocrx_word' id='word_1_26' title='bbox 70 843 156 914; x_wconf 77' lang='grc' dir='ltr'>Καὶ</span> <span class='ocrx_word' id='word_1_27' title='bbox 185 840 227 914; x_wconf 83' lang='grc' dir='ltr'>τὸ</span> <span class='ocrx_word' id='word_1_28' title='bbox 254 839 347 936; x_wconf 97' lang='grc' dir='ltr'>γάλα</span> <span class='ocrx_word' id='word_1_29' title='bbox 376 840 531 914; x_wconf 80' lang='grc' dir='ltr'>ἀπὸτοῦ</span> <span class='ocrx_word' id='word_1_30' title='bbox 557 839 674 936; x_wconf 81' lang='grc' dir='ltr'>γάλαξ</span> <span class='ocrx_word' id='word_1_31' title='bbox 696 844 769 914; x_wconf 89' lang='grc' dir='ltr'>κατ’</span> <span class='ocrx_word' id='word_1_32' title='bbox 790 841 909 913; x_wconf 79' lang='grc' dir='ltr'><em>ἔνδειαν</em></span> <span class='ocrx_word' id='word_1_33' title='bbox 931 849 994 914; x_wconf 78' lang='grc' dir='ltr'>τοῦ</span> <span class='ocrx_word' id='word_1_34' title='bbox 1017 867 1049 918; x_wconf 69' lang='grc' dir='ltr'>ε·</span> <span class='ocrx_word' id='word_1_35' title='bbox 1076 846 1094 926; x_wconf 76' lang='grc' dir='ltr'><em>ἦ</em></span> <span class='ocrx_word' id='word_1_36' title='bbox 1118 843 1187 942; x_wconf 90' lang='grc' dir='ltr'>γάρ</span> 
     </span>
    </p>
   </div>
   <div class='ocr_carea' id='block_1_4' title="bbox 16 957 1239 4533">
    <p class='ocr_par' dir='ltr' id='par_1_5' title="bbox 16 957 1239 4533">
     <span class='ocr_line' id='line_1_7' title="bbox 69 957 1213 1052; baseline 0.002 -22"><span class='ocrx_word' id='word_1_37' title='bbox 69 961 193 1036; x_wconf 91' lang='grc' dir='ltr'>κλίσις</span> <span class='ocrx_word' id='word_1_38' title='bbox 218 960 318 1030; x_wconf 81' lang='grc' dir='ltr'>αὐτοῦ</span> <span class='ocrx_word' id='word_1_39' title='bbox 340 957 408 1030; x_wconf 84' lang='grc' dir='ltr'>ἀπὸ</span> <span class='ocrx_word' id='word_1_40' title='bbox 434 960 553 1036; x_wconf 90' lang='grc' dir='ltr'>εὐθείας</span> <span class='ocrx_word' id='word_1_41' title='bbox 573 966 632 1041; x_wconf 82' lang='grc' dir='ltr'>τῇς</span> <span class='ocrx_word' id='word_1_42' title='bbox 655 960 698 1036; x_wconf 85' lang='grc' dir='ltr'>είς</span> <span class='ocrx_word' id='word_1_43' title='bbox 724 985 744 1032; x_wconf 68' lang='grc' dir='ltr'><strong>Β</strong></span> <span class='ocrx_word' id='word_1_44' title='bbox 770 959 1022 1052; x_wconf 87' lang='grc' dir='ltr'>καταληγούσης</span> <span class='ocrx_word' id='word_1_45' title='bbox 1045 960 1213 1052; x_wconf 82' lang='grc' dir='ltr'>έγένιτο,5</span> 
     </span>
     <span class='ocr_line' id='line_1_8' title="bbox 72 1073 1187 1175; baseline -0.001 -27"><span class='ocrx_word' id='word_1_46' title='bbox 72 1075 235 1170; x_wconf 90' lang='grc' dir='ltr'>γάλακος</span> <span class='ocrx_word' id='word_1_47' title='bbox 248 1075 351 1175; x_wconf 81' lang='grc' dir='ltr'>γάρῇ</span> <span class='ocrx_word' id='word_1_48' title='bbox 370 1077 488 1170; x_wconf 76' lang='grc' dir='ltr'>γενικὴ,</span> <span class='ocrx_word' id='word_1_49' title='bbox 500 1076 553 1147; x_wconf 78' lang='grc' dir='ltr'>καί</span> <span class='ocrx_word' id='word_1_50' title='bbox 570 1073 655 1150; x_wconf 81' lang='grc' dir='ltr'>κατὰ</span> <span class='ocrx_word' id='word_1_51' title='bbox 669 1073 881 1158; x_wconf 80' lang='grc' dir='ltr'>πλεονασμὸν</span> <span class='ocrx_word' id='word_1_52' title='bbox 892 1081 953 1146; x_wconf 80' lang='grc' dir='ltr'>τοῦ</span> <span class='ocrx_word' id='word_1_53' title='bbox 969 1105 989 1146; x_wconf 81' lang='grc' dir='ltr'>π</span> <span class='ocrx_word' id='word_1_54' title='bbox 1006 1073 1187 1168; x_wconf 85' lang='grc' dir='ltr'>γάλακτος,</span> 
     </span>
     <span class='ocr_line' id='line_1_9' title="bbox 72 1190 1189 1292; baseline 0 -28"><span class='ocrx_word' id='word_1_55' title='bbox 72 1193 202 1292; x_wconf 75' lang='grc' dir='ltr'>ὥσπερ</span> <span class='ocrx_word' id='word_1_56' title='bbox 219 1191 303 1288; x_wconf 74' lang='grc' dir='ltr'>ἅναξ</span> <span class='ocrx_word' id='word_1_57' title='bbox 318 1191 433 1270; x_wconf 85' lang='grc' dir='ltr'>ἀνοκος</span> <span class='ocrx_word' id='word_1_58' title='bbox 449 1193 502 1264; x_wconf 79' lang='grc' dir='ltr'>καὶ</span> <span class='ocrx_word' id='word_1_59' title='bbox 520 1190 668 1270; x_wconf 78' lang='grc' dir='ltr'>ἄνακτος.</span> <span class='ocrx_word' id='word_1_60' title='bbox 722 1192 827 1263; x_wconf 82' lang='grc' dir='ltr'>Πᾶσα</span> <span class='ocrx_word' id='word_1_61' title='bbox 846 1190 914 1288; x_wconf 88' lang='grc' dir='ltr'>γάρ</span> <span class='ocrx_word' id='word_1_62' title='bbox 932 1193 1039 1284; x_wconf 75' lang='grc' dir='ltr'>γενικὴ</span> <span class='ocrx_word' id='word_1_63' title='bbox 1057 1191 1109 1264; x_wconf 83' lang='grc' dir='ltr'>διά</span> <span class='ocrx_word' id='word_1_64' title='bbox 1126 1199 1189 1264; x_wconf 78' lang='grc' dir='ltr'>τοῦ</span> 
     </span>
     <span class='ocr_line' id='line_1_10' title="bbox 77 1307 1189 1405; baseline -0.002 -23"><span class='ocrx_word' id='word_1_65' title='bbox 77 1339 153 1382; x_wconf 73' lang='grc' dir='ltr'>κοῑ</span> <span class='ocrx_word' id='word_1_66' title='bbox 170 1309 338 1393; x_wconf 72' lang='grc' dir='ltr'>κλειομένη</span> <span class='ocrx_word' id='word_1_67' title='bbox 356 1309 374 1393; x_wconf 79' lang='grc' dir='ltr'>ῇ</span> <span class='ocrx_word' id='word_1_68' title='bbox 392 1307 444 1380; x_wconf 88' lang='grc' dir='ltr'>διά</span> <span class='ocrx_word' id='word_1_69' title='bbox 461 1314 524 1380; x_wconf 83' lang='grc' dir='ltr'>τοῦ</span> <span class='ocrx_word' id='word_1_70' title='bbox 541 1339 625 1380; x_wconf 70' lang='grc' dir='ltr'>κτοπ</span> <span class='ocrx_word' id='word_1_71' title='bbox 645 1309 705 1391; x_wconf 79' lang='grc' dir='ltr'>τῇν</span> <span class='ocrx_word' id='word_1_72' title='bbox 721 1309 842 1380; x_wconf 81' lang='grc' dir='ltr'>εὐθεῖαν</span> <span class='ocrx_word' id='word_1_73' title='bbox 858 1309 925 1405; x_wconf 82' lang='grc' dir='ltr'>ἔχει</span> <span class='ocrx_word' id='word_1_74' title='bbox 944 1310 987 1385; x_wconf 85' lang='grc' dir='ltr'>είς</span> <span class='ocrx_word' id='word_1_75' title='bbox 1005 1335 1025 1382; x_wconf 77' lang='grc' dir='ltr'>ει</span> <span class='ocrx_word' id='word_1_76' title='bbox 1042 1312 1189 1391; x_wconf 85' lang='grc' dir='ltr'>καταλῇ-</span> 
     </span>
     <span class='ocr_line' id='line_1_11' title="bbox 76 1421 1187 1524; baseline 0 -28"><span class='ocrx_word' id='word_1_77' title='bbox 76 1455 226 1518; x_wconf 88' lang='grc' dir='ltr'>γουσαν,</span> <span class='ocrx_word' id='word_1_78' title='bbox 250 1421 318 1496; x_wconf 77' lang='grc' dir='ltr'>οίον</span> <span class='ocrx_word' id='word_1_79' title='bbox 341 1425 489 1502; x_wconf 88' lang='grc' dir='ltr'>Φοίνικος</span> <span class='ocrx_word' id='word_1_80' title='bbox 512 1422 639 1519; x_wconf 82' lang='grc' dir='ltr'>Φοῖνιξ,</span> <span class='ocrx_word' id='word_1_81' title='bbox 671 1427 814 1524; x_wconf 79' lang='grc' dir='ltr'>θώρακος</span> <span class='ocrx_word' id='word_1_82' title='bbox 837 1423 957 1522; x_wconf 79' lang='grc' dir='ltr'>θώραξ,</span> <span class='ocrx_word' id='word_1_83' title='bbox 984 1423 1094 1502; x_wconf 86' lang='grc' dir='ltr'>νυκτύς</span> <span class='ocrx_word' id='word_1_84' title='bbox 1124 1423 1187 1520; x_wconf 78' lang='grc' dir='ltr'>ιύξ,</span> 
     </span>
     <span class='ocr_line' id='line_1_12' title="bbox 77 1538 1237 1638; baseline 0.002 -26"><span class='ocrx_word' id='word_1_85' title='bbox 77 1541 227 1620; x_wconf 76' lang='grc' dir='ltr'>ἄνακτος</span> <span class='ocrx_word' id='word_1_86' title='bbox 256 1539 348 1636; x_wconf 78' lang='grc' dir='ltr'>ἅναξ.</span> <span class='ocrx_word' id='word_1_87' title='bbox 400 1541 449 1612; x_wconf 82' lang='grc' dir='ltr'>Εὐ</span> <span class='ocrx_word' id='word_1_88' title='bbox 477 1539 530 1613; x_wconf 86' lang='grc' dir='ltr'>οὐν</span> <span class='ocrx_word' id='word_1_89' title='bbox 557 1538 738 1634; x_wconf 88' lang='grc' dir='ltr'>γάλακτος,</span> <span class='ocrx_word' id='word_1_90' title='bbox 766 1541 918 1625; x_wconf 84' lang='grc' dir='ltr'>δηλονότι</span> <span class='ocrx_word' id='word_1_91' title='bbox 946 1545 989 1620; x_wconf 87' lang='grc' dir='ltr'>είς</span> <span class='ocrx_word' id='word_1_92' title='bbox 1015 1569 1035 1616; x_wconf 69' lang='grc' dir='ltr'><strong>Β</strong></span> <span class='ocrx_word' id='word_1_93' title='bbox 1060 1539 1188 1638; x_wconf 76' lang='grc' dir='ltr'>γάλαξ.</span> <span class='ocrx_word' id='word_1_94' title='bbox 1203 1565 1237 1605; x_wconf 91' lang='lat'>10</span> 
     </span>
     <span class='ocr_line' id='line_1_13' title="bbox 67 1655 1189 1750; baseline -0.001 -20"><span class='ocrx_word' id='word_1_95' title='bbox 67 1657 220 1737; x_wconf 79' lang='grc' dir='ltr'>Ἀλλοις</span> <span class='ocrx_word' id='word_1_96' title='bbox 236 1691 275 1730; x_wconf 86' lang='grc' dir='ltr'>τε</span> <span class='ocrx_word' id='word_1_97' title='bbox 292 1657 327 1730; x_wconf 85' lang='grc' dir='ltr'>δέ</span> <span class='ocrx_word' id='word_1_98' title='bbox 343 1661 438 1730; x_wconf 82' lang='grc' dir='ltr'>πάσα</span> <span class='ocrx_word' id='word_1_99' title='bbox 456 1655 567 1740; x_wconf 75' lang='grc' dir='ltr'>δοτικὴ</span> <span class='ocrx_word' id='word_1_100' title='bbox 590 1661 822 1742; x_wconf 79' lang='grc' dir='ltr'>πληθυντικῶν,</span> <span class='ocrx_word' id='word_1_101' title='bbox 839 1660 882 1734; x_wconf 77' lang='grc' dir='ltr'>εἷς</span> <span class='ocrx_word' id='word_1_102' title='bbox 900 1688 910 1728; x_wconf 88' lang='grc' dir='ltr'>ι</span> <span class='ocrx_word' id='word_1_103' title='bbox 928 1662 1081 1750; x_wconf 80' lang='grc' dir='ltr'>λῇγουσα</span> <span class='ocrx_word' id='word_1_104' title='bbox 1103 1656 1189 1742; x_wconf 81' lang='grc' dir='ltr'>μετὰ</span> 
     </span>
     <span class='ocr_line' id='line_1_14' title="bbox 78 1773 1188 1868; baseline -0.001 -21"><span class='ocrx_word' id='word_1_105' title='bbox 78 1775 219 1860; x_wconf 80' lang='grc' dir='ltr'>διπλοῦ,</span> <span class='ocrx_word' id='word_1_106' title='bbox 250 1776 407 1868; x_wconf 90' lang='grc' dir='ltr'>ἀποβολῇ</span> <span class='ocrx_word' id='word_1_107' title='bbox 438 1779 499 1844; x_wconf 79' lang='grc' dir='ltr'>τοῦ</span> <span class='ocrx_word' id='word_1_108' title='bbox 521 1803 532 1844; x_wconf 92' lang='lat'><em>1</em></span> <span class='ocrx_word' id='word_1_109' title='bbox 558 1773 618 1856; x_wconf 80' lang='grc' dir='ltr'>τῇν</span> <span class='ocrx_word' id='word_1_110' title='bbox 647 1774 768 1844; x_wconf 82' lang='grc' dir='ltr'>εὐθεῖαν</span> <span class='ocrx_word' id='word_1_111' title='bbox 792 1777 859 1844; x_wconf 91' lang='grc' dir='ltr'>τῶν</span> <span class='ocrx_word' id='word_1_112' title='bbox 885 1775 990 1844; x_wconf 78' lang='grc' dir='ltr'>ἑνικῶν</span> <span class='ocrx_word' id='word_1_113' title='bbox 1019 1775 1188 1857; x_wconf 83' lang='grc' dir='ltr'>ἀποτελεῖ,</span> 
     </span>
     <span class='ocr_line' id='line_1_15' title="bbox 80 1886 1190 1987; baseline 0 -25"><span class='ocrx_word' id='word_1_114' title='bbox 80 1889 157 1962; x_wconf 76' lang='grc' dir='ltr'>οἷον</span> <span class='ocrx_word' id='word_1_115' title='bbox 184 1889 311 1985; x_wconf 78' lang='grc' dir='ltr'>Φοίνιξι</span> <span class='ocrx_word' id='word_1_116' title='bbox 337 1887 463 1984; x_wconf 76' lang='grc' dir='ltr'>Φοῖνιξ,</span> <span class='ocrx_word' id='word_1_117' title='bbox 493 1886 603 1987; x_wconf 76' lang='grc' dir='ltr'>κήρυξι</span> <span class='ocrx_word' id='word_1_118' title='bbox 631 1886 739 1986; x_wconf 75' lang='grc' dir='ltr'>κῆρυξ,</span> <span class='ocrx_word' id='word_1_119' title='bbox 771 1886 916 1984; x_wconf 71' lang='grc' dir='ltr'>Πέλοψν</span> <span class='ocrx_word' id='word_1_120' title='bbox 949 1887 1093 1984; x_wconf 68' lang='grc' dir='ltr'>Πέλοψ,</span> <span class='ocrx_word' id='word_1_121' title='bbox 1120 1890 1190 1962; x_wconf 85' lang='grc' dir='ltr'>Κύ-</span> 
     </span>
     <span class='ocr_line' id='line_1_16' title="bbox 81 2001 1190 2100; baseline 0.001 -22"><span class='ocrx_word' id='word_1_122' title='bbox 81 2004 205 2100; x_wconf 74' lang='grc' dir='ltr'>κλωψι</span> <span class='ocrx_word' id='word_1_123' title='bbox 232 2003 398 2099; x_wconf 71' lang='grc' dir='ltr'>Κύκλωψ.</span> <span class='ocrx_word' id='word_1_124' title='bbox 451 2003 500 2075; x_wconf 78' lang='grc' dir='ltr'>Εἰ</span> <span class='ocrx_word' id='word_1_125' title='bbox 522 2001 575 2075; x_wconf 88' lang='grc' dir='ltr'>οὐν</span> <span class='ocrx_word' id='word_1_126' title='bbox 595 2005 723 2087; x_wconf 81' lang='grc' dir='ltr'>ε’στινῇ</span> <span class='ocrx_word' id='word_1_127' title='bbox 750 2003 861 2088; x_wconf 75' lang='grc' dir='ltr'>δοτικὴ</span> <span class='ocrx_word' id='word_1_128' title='bbox 886 2012 951 2078; x_wconf 89' lang='grc' dir='ltr'>τῶν</span> <span class='ocrx_word' id='word_1_129' title='bbox 967 2011 1190 2090; x_wconf 76' lang='grc' dir='ltr'>πληθυντικῶν</span> 
     </span>
     <span class='ocr_line' id='line_1_17' title="bbox 85 2119 1236 2215; baseline -0.003 -21"><span class='ocrx_word' id='word_1_130' title='bbox 85 2119 226 2215; x_wconf 80' lang='grc' dir='ltr'>γάλαξι,</span> <span class='ocrx_word' id='word_1_131' title='bbox 244 2121 396 2204; x_wconf 84' lang='grc' dir='ltr'>δηλονότι</span> <span class='ocrx_word' id='word_1_132' title='bbox 414 2121 575 2215; x_wconf 76' lang='grc' dir='ltr'>ἀποβολῇ</span> <span class='ocrx_word' id='word_1_133' title='bbox 589 2126 680 2192; x_wconf 82' lang='grc' dir='ltr'>τούν</span> <span class='ocrx_word' id='word_1_134' title='bbox 702 2121 829 2213; x_wconf 84' lang='grc' dir='ltr'>γίνεται</span> <span class='ocrx_word' id='word_1_135' title='bbox 847 2125 865 2204; x_wconf 82' lang='grc' dir='ltr'><strong><em>ἡ</em></strong></span> <span class='ocrx_word' id='word_1_136' title='bbox 883 2123 986 2194; x_wconf 84' lang='grc' dir='ltr'>εὐθεῖα</span> <span class='ocrx_word' id='word_1_137' title='bbox 1003 2127 1068 2194; x_wconf 90' lang='grc' dir='ltr'>τῶν</span> <span class='ocrx_word' id='word_1_138' title='bbox 1084 2125 1189 2195; x_wconf 76' lang='grc' dir='ltr'>ἑνικῶν</span> <span class='ocrx_word' id='word_1_139' title='bbox 1202 2148 1236 2209; x_wconf 81' lang='lat'>15</span> 
     </span>
     <span class='ocr_line' id='line_1_18' title="bbox 86 2235 1189 2334; baseline 0.003 -27"><span class='ocrx_word' id='word_1_140' title='bbox 86 2235 214 2331; x_wconf 81' lang='grc' dir='ltr'>γάλαξ·</span> <span class='ocrx_word' id='word_1_141' title='bbox 241 2237 319 2308; x_wconf 92' lang='grc' dir='ltr'>ἀλλ’</span> <span class='ocrx_word' id='word_1_142' title='bbox 336 2235 444 2318; x_wconf 71' lang='grc' dir='ltr'>ἐπειδὴ</span> <span class='ocrx_word' id='word_1_143' title='bbox 469 2235 512 2307; x_wconf 85' lang='grc' dir='ltr'>τὸ</span> <span class='ocrx_word' id='word_1_144' title='bbox 535 2263 555 2308; x_wconf 73' lang='grc' dir='ltr'>ε</span> <span class='ocrx_word' id='word_1_145' title='bbox 579 2237 634 2308; x_wconf 93' lang='grc' dir='ltr'>οὐκ</span> <span class='ocrx_word' id='word_1_146' title='bbox 662 2237 736 2308; x_wconf 79' lang='grc' dir='ltr'>ἔστι</span> <span class='ocrx_word' id='word_1_147' title='bbox 759 2235 891 2307; x_wconf 84' lang='grc' dir='ltr'>τελικὸν</span> <span class='ocrx_word' id='word_1_148' title='bbox 915 2243 980 2310; x_wconf 91' lang='grc' dir='ltr'>τῶν</span> <span class='ocrx_word' id='word_1_149' title='bbox 1003 2236 1189 2334; x_wconf 68' lang='grc' dir='ltr'>οὐδετέρων,</span> 
     </span>
     <span class='ocr_line' id='line_1_19' title="bbox 85 2349 1190 2450; baseline 0.001 -24"><span class='ocrx_word' id='word_1_150' title='bbox 85 2355 210 2426; x_wconf 87' lang='grc' dir='ltr'>τούτου</span> <span class='ocrx_word' id='word_1_151' title='bbox 226 2351 324 2450; x_wconf 85' lang='grc' dir='ltr'>χάριν</span> <span class='ocrx_word' id='word_1_152' title='bbox 340 2353 516 2440; x_wconf 70' lang='grc' dir='ltr'>ἀπεβλήθη</span> <span class='ocrx_word' id='word_1_153' title='bbox 532 2353 585 2422; x_wconf 78' lang='grc' dir='ltr'>καὶ</span> <span class='ocrx_word' id='word_1_154' title='bbox 609 2352 741 2444; x_wconf 82' lang='grc' dir='ltr'>ἐγένετο</span> <span class='ocrx_word' id='word_1_155' title='bbox 764 2349 867 2443; x_wconf 86' lang='grc' dir='ltr'>γάλα.</span> <span class='ocrx_word' id='word_1_156' title='bbox 917 2353 1054 2436; x_wconf 83' lang='grc' dir='ltr'>Ἀμέλει</span> <span class='ocrx_word' id='word_1_157' title='bbox 1081 2385 1190 2428; x_wconf 85' lang='grc' dir='ltr'>συντι-</span> 
     </span>
     <span class='ocr_line' id='line_1_20' title="bbox 88 2467 1191 2567; baseline 0.002 -25"><span class='ocrx_word' id='word_1_158' title='bbox 88 2471 221 2554; x_wconf 76' lang='grc' dir='ltr'>θέμενον</span> <span class='ocrx_word' id='word_1_159' title='bbox 237 2468 280 2540; x_wconf 87' lang='grc' dir='ltr'>τά</span> <span class='ocrx_word' id='word_1_160' title='bbox 304 2467 478 2561; x_wconf 88' lang='grc' dir='ltr'>γάλα,καύ</span> <span class='ocrx_word' id='word_1_161' title='bbox 503 2469 676 2561; x_wconf 90' lang='grc' dir='ltr'>γευόμενον</span> <span class='ocrx_word' id='word_1_162' title='bbox 698 2472 740 2548; x_wconf 87' lang='grc' dir='ltr'>είς</span> <span class='ocrx_word' id='word_1_163' title='bbox 766 2468 934 2567; x_wconf 83' lang='grc' dir='ltr'>ἀρσενικὸν</span> <span class='ocrx_word' id='word_1_164' title='bbox 956 2472 1061 2563; x_wconf 87' lang='grc' dir='ltr'>γένος,</span> <span class='ocrx_word' id='word_1_165' title='bbox 1079 2471 1191 2544; x_wconf 85' lang='grc' dir='ltr'>ἀναδέ-</span> 
     </span>
     <span class='ocr_line' id='line_1_21' title="bbox 88 2581 1188 2684; baseline 0.006 -28"><span class='ocrx_word' id='word_1_166' title='bbox 88 2617 185 2682; x_wconf 89' lang='grc' dir='ltr'>χεται</span> <span class='ocrx_word' id='word_1_167' title='bbox 211 2584 254 2656; x_wconf 86' lang='grc' dir='ltr'>τδ</span> <span class='ocrx_word' id='word_1_168' title='bbox 277 2585 559 2682; x_wconf 85' lang='grc' dir='ltr'>κεχρειοσπημένον</span> <span class='ocrx_word' id='word_1_169' title='bbox 577 2612 610 2669; x_wconf 68' lang='lat' dir='ltr'>z,</span> <span class='ocrx_word' id='word_1_170' title='bbox 627 2581 696 2656; x_wconf 80' lang='grc' dir='ltr'>οἷον</span> <span class='ocrx_word' id='word_1_171' title='bbox 713 2586 732 2654; x_wconf 89' lang='grc' dir='ltr'>ὁ</span> <span class='ocrx_word' id='word_1_172' title='bbox 749 2583 956 2682; x_wconf 76' lang='grc' dir='ltr'>ἀρπιγάλαξ,</span> <span class='ocrx_word' id='word_1_173' title='bbox 973 2589 992 2657; x_wconf 89' lang='grc' dir='ltr'>ὁ</span> <span class='ocrx_word' id='word_1_174' title='bbox 1011 2587 1188 2684; x_wconf 79' lang='grc' dir='ltr'>νεογάλαξ.</span> 
     </span>
     <span class='ocr_line' id='line_1_22' title="bbox 90 2701 1237 2785; baseline 0.002 -14"><span class='ocrx_word' id='word_1_175' title='bbox 90 2702 208 2774; x_wconf 80' lang='grc' dir='ltr'>Ταῦτα</span> <span class='ocrx_word' id='word_1_176' title='bbox 225 2701 283 2785; x_wconf 81' lang='grc' dir='ltr'>μέν</span> <span class='ocrx_word' id='word_1_177' title='bbox 299 2703 331 2772; x_wconf 84' lang='grc' dir='ltr'>έν</span> <span class='ocrx_word' id='word_1_178' title='bbox 348 2701 488 2778; x_wconf 87' lang='grc' dir='ltr'>τούποις.</span> <span class='ocrx_word' id='word_1_179' title='bbox 1200 2734 1237 2773; x_wconf 86' lang='lat'>20</span> 
     </span>
     <span class='ocr_line' id='line_1_23' title="bbox 140 2815 576 2916; baseline 0 -28"><span class='ocrx_word' id='word_1_180' title='bbox 140 2817 226 2916; x_wconf 81' lang='grc' dir='ltr'>Περί</span> <span class='ocrx_word' id='word_1_181' title='bbox 245 2817 279 2890; x_wconf 81' lang='grc' dir='ltr'>δέ</span> <span class='ocrx_word' id='word_1_182' title='bbox 295 2824 356 2890; x_wconf 85' lang='grc' dir='ltr'>πού</span> <span class='ocrx_word' id='word_1_183' title='bbox 372 2815 488 2914; x_wconf 87' lang='grc' dir='ltr'>κράτα,</span> <span class='ocrx_word' id='word_1_184' title='bbox 507 2815 576 2889; x_wconf 73' lang='grc' dir='ltr'>οἷον</span> 
     </span>
     <span class='ocr_line' id='line_1_24' title="bbox 251 2942 741 3016; baseline -0.002 -17"><span class='ocrx_word' id='word_1_185' title='bbox 251 2945 288 3002; x_wconf 85' lang='grc' dir='ltr'>είς</span> <span class='ocrx_word' id='word_1_186' title='bbox 301 2942 397 2999; x_wconf 72' lang='grc' dir='ltr'>ἐκείνου</span> <span class='ocrx_word' id='word_1_187' title='bbox 411 2946 490 3016; x_wconf 84' lang='grc' dir='ltr'>κράτο</span> <span class='ocrx_word' id='word_1_188' title='bbox 504 2943 631 3014; x_wconf 77' lang='grc' dir='ltr'>ίνῇλλοτο</span> <span class='ocrx_word' id='word_1_189' title='bbox 645 2944 660 3012; x_wconf 83' lang='grc' dir='ltr'>ῇ</span> <span class='ocrx_word' id='word_1_190' title='bbox 674 2943 741 3015; x_wconf 86' lang='grc' dir='ltr'>τύχη</span> 
     </span>
     <span class='ocr_line' id='line_1_25' title="bbox 92 3046 1187 3145; baseline 0.004 -27"><span class='ocrx_word' id='word_1_191' title='bbox 92 3046 181 3145; x_wconf 87' lang='grc' dir='ltr'>παρά</span> <span class='ocrx_word' id='word_1_192' title='bbox 208 3047 391 3144; x_wconf 83' lang='grc' dir='ltr'>Σοφοκλεῖ,</span> <span class='ocrx_word' id='word_1_193' title='bbox 415 3053 507 3136; x_wconf 86' lang='lat' dir='ltr'><strong>[OEd.</strong></span> <span class='ocrx_word' id='word_1_194' title='bbox 525 3053 602 3138; x_wconf 78' lang='lat' dir='ltr'>Tyr.</span> <span class='ocrx_word' id='word_1_195' title='bbox 621 3051 709 3138; x_wconf 59' lang='grc' dir='ltr'>νόῳ]</span> <span class='ocrx_word' id='word_1_196' title='bbox 737 3049 869 3128; x_wconf 82' lang='grc' dir='ltr'>μῇποτε</span> <span class='ocrx_word' id='word_1_197' title='bbox 894 3049 984 3120; x_wconf 78' lang='grc' dir='ltr'>ἐστὶν</span> <span class='ocrx_word' id='word_1_198' title='bbox 1009 3051 1109 3120; x_wconf 82' lang='grc' dir='ltr'>εἰπεῖν</span> <span class='ocrx_word' id='word_1_199' title='bbox 1133 3049 1187 3122; x_wconf 83' lang='grc' dir='ltr'>ὅτι</span> 
     </span>
     <span class='ocr_line' id='line_1_26' title="bbox 93 3161 1188 3262; baseline 0.002 -26"><span class='ocrx_word' id='word_1_200' title='bbox 93 3172 192 3236; x_wconf 87' lang='grc' dir='ltr'>πούπο</span> <span class='ocrx_word' id='word_1_201' title='bbox 205 3163 273 3236; x_wconf 82' lang='grc' dir='ltr'>ἀπὸ</span> <span class='ocrx_word' id='word_1_202' title='bbox 284 3163 483 3262; x_wconf 77' lang='grc' dir='ltr'>ἀρσενικούῇ</span> <span class='ocrx_word' id='word_1_203' title='bbox 498 3168 636 3246; x_wconf 82' lang='grc' dir='ltr'>θηλυκοῦ</span> <span class='ocrx_word' id='word_1_204' title='bbox 652 3162 799 3255; x_wconf 87' lang='grc' dir='ltr'>γέγονεν.</span> <span class='ocrx_word' id='word_1_205' title='bbox 827 3161 919 3235; x_wconf 83' lang='grc' dir='ltr'>Ἀπὸ</span> <span class='ocrx_word' id='word_1_206' title='bbox 933 3165 1103 3260; x_wconf 84' lang='grc' dir='ltr'>ἀρσενικοῦ</span> <span class='ocrx_word' id='word_1_207' title='bbox 1118 3166 1188 3255; x_wconf 81' lang='grc' dir='ltr'>μέν,</span> 
     </span>
     <span class='ocr_line' id='line_1_27' title="bbox 95 3276 1235 3378; baseline 0.002 -26"><span class='ocrx_word' id='word_1_208' title='bbox 95 3279 159 3352; x_wconf 84' lang='grc' dir='ltr'>ἀτά</span> <span class='ocrx_word' id='word_1_209' title='bbox 175 3287 235 3351; x_wconf 86' lang='grc' dir='ltr'>πού</span> <span class='ocrx_word' id='word_1_210' title='bbox 251 3282 270 3352; x_wconf 89' lang='grc' dir='ltr'><strong><em>ὁ</em></strong></span> <span class='ocrx_word' id='word_1_211' title='bbox 287 3279 365 3378; x_wconf 88' lang='grc' dir='ltr'>κράς</span> <span class='ocrx_word' id='word_1_212' title='bbox 384 3286 445 3352; x_wconf 83' lang='grc' dir='ltr'>πού</span> <span class='ocrx_word' id='word_1_213' title='bbox 469 3277 589 3376; x_wconf 86' lang='grc' dir='ltr'>κροτδς</span> <span class='ocrx_word' id='word_1_214' title='bbox 614 3283 662 3369; x_wconf 82' lang='grc' dir='ltr'>τῷ</span> <span class='ocrx_word' id='word_1_215' title='bbox 689 3279 787 3375; x_wconf 77' lang='grc' dir='ltr'>κρατὶ</span> <span class='ocrx_word' id='word_1_216' title='bbox 812 3276 873 3350; x_wconf 81' lang='grc' dir='ltr'>τὸν</span> <span class='ocrx_word' id='word_1_217' title='bbox 897 3278 1014 3376; x_wconf 91' lang='grc' dir='ltr'>κράτα,</span> <span class='ocrx_word' id='word_1_218' title='bbox 1036 3281 1105 3352; x_wconf 80' lang='grc' dir='ltr'>ἀπὸ</span> <span class='ocrx_word' id='word_1_219' title='bbox 1134 3287 1235 3376; x_wconf 72' lang='grc' dir='ltr'>θη-ο5</span> 
     </span>
     <span class='ocr_line' id='line_1_28' title="bbox 95 3391 1189 3493; baseline 0 -25"><span class='ocrx_word' id='word_1_220' title='bbox 95 3403 187 3468; x_wconf 82' lang='grc' dir='ltr'>λυκού</span> <span class='ocrx_word' id='word_1_221' title='bbox 203 3395 246 3479; x_wconf 82' lang='grc' dir='ltr'>δέ,</span> <span class='ocrx_word' id='word_1_222' title='bbox 260 3395 328 3468; x_wconf 85' lang='grc' dir='ltr'>ἀπὸ</span> <span class='ocrx_word' id='word_1_223' title='bbox 345 3401 406 3467; x_wconf 80' lang='grc' dir='ltr'>τοῦ</span> <span class='ocrx_word' id='word_1_224' title='bbox 422 3399 440 3478; x_wconf 86' lang='grc' dir='ltr'>ῇ</span> <span class='ocrx_word' id='word_1_225' title='bbox 457 3392 535 3492; x_wconf 88' lang='grc' dir='ltr'>κράς</span> <span class='ocrx_word' id='word_1_226' title='bbox 551 3401 609 3476; x_wconf 78' lang='grc' dir='ltr'>τῆς</span> <span class='ocrx_word' id='word_1_227' title='bbox 625 3391 746 3490; x_wconf 86' lang='grc' dir='ltr'>κροτάς</span> <span class='ocrx_word' id='word_1_228' title='bbox 762 3397 805 3486; x_wconf 86' lang='grc' dir='ltr'>τῇ</span> <span class='ocrx_word' id='word_1_229' title='bbox 822 3395 919 3490; x_wconf 76' lang='grc' dir='ltr'>κρατὶ</span> <span class='ocrx_word' id='word_1_230' title='bbox 936 3396 996 3476; x_wconf 74' lang='grc' dir='ltr'>τὴν</span> <span class='ocrx_word' id='word_1_231' title='bbox 1012 3393 1119 3493; x_wconf 90' lang='grc' dir='ltr'>κράτα</span> <span class='ocrx_word' id='word_1_232' title='bbox 1136 3397 1189 3470; x_wconf 78' lang='grc' dir='ltr'>καί</span> 
     </span>
     <span class='ocr_line' id='line_1_29' title="bbox 95 3508 1190 3610; baseline -0.001 -26"><span class='ocrx_word' id='word_1_233' title='bbox 95 3511 135 3584; x_wconf 87' lang='grc' dir='ltr'>τύ</span> <span class='ocrx_word' id='word_1_234' title='bbox 150 3509 265 3610; x_wconf 79' lang='grc' dir='ltr'>κράτει·</span> <span class='ocrx_word' id='word_1_235' title='bbox 290 3510 334 3583; x_wconf 87' lang='grc' dir='ltr'>τδ</span> <span class='ocrx_word' id='word_1_236' title='bbox 351 3509 419 3604; x_wconf 84' lang='grc' dir='ltr'>γὰρ</span> <span class='ocrx_word' id='word_1_237' title='bbox 435 3508 513 3609; x_wconf 77' lang='grc' dir='ltr'>κρᾶς</span> <span class='ocrx_word' id='word_1_238' title='bbox 530 3511 700 3607; x_wconf 85' lang='grc' dir='ltr'>ἀρσενικῶς</span> <span class='ocrx_word' id='word_1_239' title='bbox 722 3509 774 3579; x_wconf 78' lang='grc' dir='ltr'>καί</span> <span class='ocrx_word' id='word_1_240' title='bbox 798 3513 938 3594; x_wconf 88' lang='grc' dir='ltr'>θηλυκῶς</span> <span class='ocrx_word' id='word_1_241' title='bbox 954 3512 1103 3604; x_wconf 82' lang='grc' dir='ltr'>λέγεται,</span> <span class='ocrx_word' id='word_1_242' title='bbox 1120 3510 1190 3586; x_wconf 78' lang='grc' dir='ltr'>οἷον</span> 
     </span>
     <span class='ocr_line' id='line_1_30' title="bbox 98 3624 1190 3725; baseline 0.002 -27"><span class='ocrx_word' id='word_1_243' title='bbox 98 3625 203 3725; x_wconf 89' lang='grc' dir='ltr'>ὀκράς</span> <span class='ocrx_word' id='word_1_244' title='bbox 219 3627 270 3698; x_wconf 82' lang='grc' dir='ltr'>καί</span> <span class='ocrx_word' id='word_1_245' title='bbox 289 3631 307 3709; x_wconf 82' lang='grc' dir='ltr'><em>ἡ</em></span> <span class='ocrx_word' id='word_1_246' title='bbox 323 3624 412 3724; x_wconf 88' lang='grc' dir='ltr'>κράς,</span> <span class='ocrx_word' id='word_1_247' title='bbox 429 3630 470 3704; x_wconf 85' lang='grc' dir='ltr'>ὡς</span> <span class='ocrx_word' id='word_1_248' title='bbox 490 3627 523 3698; x_wconf 85' lang='grc' dir='ltr'>έν</span> <span class='ocrx_word' id='word_1_249' title='bbox 539 3631 589 3715; x_wconf 76' lang='grc' dir='ltr'>τῷ</span> <span class='ocrx_word' id='word_1_250' title='bbox 613 3624 825 3716; x_wconf 80' lang='grc' dir='ltr'>Ὀνοματικῳ</span> <span class='ocrx_word' id='word_1_251' title='bbox 840 3625 1056 3723; x_wconf 85' lang='grc' dir='ltr'>Ἡρωδιανοῦ,</span> <span class='ocrx_word' id='word_1_252' title='bbox 1074 3631 1104 3699; x_wconf 85' lang='grc' dir='ltr'>εί</span> <span class='ocrx_word' id='word_1_253' title='bbox 1128 3632 1190 3720; x_wconf 77' lang='grc' dir='ltr'>θεῷ</span> 
     </span>
     <span class='ocr_line' id='line_1_31' title="bbox 16 3738 1191 3841; baseline 0.001 -26"><span class='ocrx_word' id='word_1_254' title='bbox 16 3771 51 3837; x_wconf 87' lang='lat'>79</span> <span class='ocrx_word' id='word_1_255' title='bbox 66 3775 83 3815; x_wconf 88' lang='lat' dir='ltr'>a</span> <span class='ocrx_word' id='word_1_256' title='bbox 100 3745 204 3841; x_wconf 74' lang='grc' dir='ltr'>φιλον,</span> <span class='ocrx_word' id='word_1_257' title='bbox 221 3744 450 3828; x_wconf 85' lang='grc' dir='ltr'>μαθησόμεθα.</span> <span class='ocrx_word' id='word_1_258' title='bbox 491 3742 560 3812; x_wconf 91' lang='grc' dir='ltr'>Οὐκ</span> <span class='ocrx_word' id='word_1_259' title='bbox 577 3741 650 3811; x_wconf 86' lang='grc' dir='ltr'>έστι</span> <span class='ocrx_word' id='word_1_260' title='bbox 669 3738 703 3811; x_wconf 83' lang='grc' dir='ltr'>δὲ</span> <span class='ocrx_word' id='word_1_261' title='bbox 719 3739 860 3822; x_wconf 80' lang='grc' dir='ltr'>ἄτοπον,</span> <span class='ocrx_word' id='word_1_262' title='bbox 878 3743 907 3812; x_wconf 85' lang='grc' dir='ltr'>εί</span> <span class='ocrx_word' id='word_1_263' title='bbox 931 3741 1099 3840; x_wconf 82' lang='grc' dir='ltr'>ἀρσενικὸν</span> <span class='ocrx_word' id='word_1_264' title='bbox 1115 3743 1191 3828; x_wconf 78' lang='grc' dir='ltr'>άνῇ</span> 
     </span>
     <span class='ocr_line' id='line_1_32' title="bbox 101 3852 1239 3956; baseline -0.001 -24"><span class='ocrx_word' id='word_1_265' title='bbox 101 3859 225 3944; x_wconf 85' lang='grc' dir='ltr'>θηλυκὸν</span> <span class='ocrx_word' id='word_1_266' title='bbox 243 3859 397 3954; x_wconf 75' lang='grc' dir='ltr'>οὐδετέρῳ</span> <span class='ocrx_word' id='word_1_267' title='bbox 415 3858 526 3956; x_wconf 86' lang='grc' dir='ltr'>ἀρθρῳ</span> <span class='ocrx_word' id='word_1_268' title='bbox 544 3852 717 3948; x_wconf 84' lang='grc' dir='ltr'>συνεπάγη.</span> <span class='ocrx_word' id='word_1_269' title='bbox 770 3855 856 3928; x_wconf 85' lang='grc' dir='ltr'>Ἰδοὺ</span> <span class='ocrx_word' id='word_1_270' title='bbox 884 3855 952 3955; x_wconf 89' lang='grc' dir='ltr'>γάρ</span> <span class='ocrx_word' id='word_1_271' title='bbox 977 3859 1028 3929; x_wconf 79' lang='grc' dir='ltr'>καί</span> <span class='ocrx_word' id='word_1_272' title='bbox 1053 3860 1108 3930; x_wconf 79' lang='grc' dir='ltr'>ε’πί</span> <span class='ocrx_word' id='word_1_273' title='bbox 1131 3865 1239 3948; x_wconf 73' lang='grc' dir='ltr'>τούηο</span> 
     </span>
     <span class='ocr_line' id='line_1_33' title="bbox 102 3971 1193 4073; baseline -0.001 -26"><span class='ocrx_word' id='word_1_274' title='bbox 102 3989 119 4017; x_wconf 91' lang='grc'>“</span> <span class='ocrx_word' id='word_1_275' title='bbox 130 3978 244 4072; x_wconf 75' lang='grc' dir='ltr'>φοίνικι</span> <span class='ocrx_word' id='word_1_276' title='bbox 261 3976 371 4065; x_wconf 87' lang='grc' dir='ltr'>λίνῳ,”</span> <span class='ocrx_word' id='word_1_277' title='bbox 388 3971 430 4045; x_wconf 87' lang='grc' dir='ltr'>τδ</span> <span class='ocrx_word' id='word_1_278' title='bbox 455 3973 576 4071; x_wconf 85' lang='grc' dir='ltr'>φοίνικι</span> <span class='ocrx_word' id='word_1_279' title='bbox 602 3971 739 4055; x_wconf 82' lang='grc' dir='ltr'>θηλυκὸν</span> <span class='ocrx_word' id='word_1_280' title='bbox 756 3972 792 4044; x_wconf 87' lang='grc' dir='ltr'>ἀν</span> <span class='ocrx_word' id='word_1_281' title='bbox 808 3979 858 4065; x_wconf 79' lang='grc' dir='ltr'>τῷ</span> <span class='ocrx_word' id='word_1_282' title='bbox 875 3975 954 4065; x_wconf 89' lang='grc' dir='ltr'>λίνῳ</span> <span class='ocrx_word' id='word_1_283' title='bbox 970 3981 1018 4066; x_wconf 81' lang='grc' dir='ltr'>τῷ</span> <span class='ocrx_word' id='word_1_284' title='bbox 1037 3973 1193 4073; x_wconf 73' lang='grc' dir='ltr'>οὐδετέρῳ</span> 
     </span>
     <span class='ocr_line' id='line_1_34' title="bbox 101 4088 1193 4188; baseline -0.002 -26"><span class='ocrx_word' id='word_1_285' title='bbox 101 4088 263 4184; x_wconf 85' lang='grc' dir='ltr'>συνεπάγη,</span> <span class='ocrx_word' id='word_1_286' title='bbox 290 4091 342 4161; x_wconf 82' lang='grc' dir='ltr'>καὶ</span> <span class='ocrx_word' id='word_1_287' title='bbox 371 4091 425 4160; x_wconf 81' lang='grc' dir='ltr'>ε’πὶ</span> <span class='ocrx_word' id='word_1_288' title='bbox 451 4096 512 4161; x_wconf 83' lang='grc' dir='ltr'>τοῦ</span> <span class='ocrx_word' id='word_1_289' title='bbox 535 4091 656 4186; x_wconf 86' lang='lat' dir='ltr'><strong>[Soph.</strong></span> <span class='ocrx_word' id='word_1_290' title='bbox 675 4095 728 4161; x_wconf 88' lang='lat' dir='ltr'>Fr.</span> <span class='ocrx_word' id='word_1_291' title='bbox 750 4089 841 4183; x_wconf 89' lang='lat'>168.]</span> <span class='ocrx_word' id='word_1_292' title='bbox 868 4089 1020 4188; x_wconf 78' lang='grc' dir='ltr'>“άρωξιν</span> <span class='ocrx_word' id='word_1_293' title='bbox 1043 4091 1193 4176; x_wconf 84' lang='grc' dir='ltr'>δτλοις,”</span> 
     </span>
     <span class='ocr_line' id='line_1_35' title="bbox 102 4202 1191 4305; baseline 0 -29"><span class='ocrx_word' id='word_1_294' title='bbox 102 4205 138 4277; x_wconf 87' lang='grc' dir='ltr'>τδ</span> <span class='ocrx_word' id='word_1_295' title='bbox 152 4205 277 4305; x_wconf 77' lang='grc' dir='ltr'>ἀρωξιν,</span> <span class='ocrx_word' id='word_1_296' title='bbox 295 4202 463 4303; x_wconf 81' lang='grc' dir='ltr'>ἀρσενικὸν</span> <span class='ocrx_word' id='word_1_297' title='bbox 479 4205 529 4288; x_wconf 84' lang='grc' dir='ltr'>δν,</span> <span class='ocrx_word' id='word_1_298' title='bbox 552 4212 600 4296; x_wconf 80' lang='grc' dir='ltr'>τῷ</span> <span class='ocrx_word' id='word_1_299' title='bbox 627 4205 745 4283; x_wconf 85' lang='grc' dir='ltr'>ὅπλοις</span> <span class='ocrx_word' id='word_1_300' title='bbox 770 4213 819 4296; x_wconf 77' lang='grc' dir='ltr'>τῷ</span> <span class='ocrx_word' id='word_1_301' title='bbox 843 4204 999 4301; x_wconf 83' lang='grc' dir='ltr'>οὐδετέρῳ</span> <span class='ocrx_word' id='word_1_302' title='bbox 1016 4202 1191 4298; x_wconf 86' lang='grc' dir='ltr'>συνεπάγη·</span> 
     </span>
     <span class='ocr_line' id='line_1_36' title="bbox 102 4320 1191 4418; baseline -0.001 -25"><span class='ocrx_word' id='word_1_303' title='bbox 102 4322 139 4393; x_wconf 86' lang='grc' dir='ltr'>πά</span> <span class='ocrx_word' id='word_1_304' title='bbox 163 4324 267 4394; x_wconf 86' lang='grc' dir='ltr'>ὅπλον</span> <span class='ocrx_word' id='word_1_305' title='bbox 293 4320 371 4418; x_wconf 90' lang='grc' dir='ltr'>γάρ·</span> <span class='ocrx_word' id='word_1_306' title='bbox 399 4321 450 4391; x_wconf 80' lang='grc' dir='ltr'>καί</span> <span class='ocrx_word' id='word_1_307' title='bbox 472 4320 575 4392; x_wconf 88' lang='grc' dir='ltr'>πάλιν</span> <span class='ocrx_word' id='word_1_308' title='bbox 600 4321 642 4392; x_wconf 83' lang='grc' dir='ltr'>τά</span> <span class='ocrx_word' id='word_1_309' title='bbox 671 4323 806 4418; x_wconf 81' lang='lat' dir='ltr'><strong>[Eurip.</strong></span> <span class='ocrx_word' id='word_1_310' title='bbox 826 4329 884 4393; x_wconf 85' lang='lat' dir='ltr'>Or.</span> <span class='ocrx_word' id='word_1_311' title='bbox 905 4320 997 4414; x_wconf 87' lang='lat'>270.]</span> <span class='ocrx_word' id='word_1_312' title='bbox 1027 4320 1191 4404; x_wconf 88' lang='grc' dir='ltr'>“μονιάσι</span> 
     </span>
     <span class='ocr_line' id='line_1_37' title="bbox 104 4434 1239 4533; baseline -0.001 -23"><span class='ocrx_word' id='word_1_313' title='bbox 104 4443 310 4526; x_wconf 81' lang='grc' dir='ltr'>λυσσῇμασι,”</span> <span class='ocrx_word' id='word_1_314' title='bbox 328 4437 465 4522; x_wconf 88' lang='grc' dir='ltr'>θηλυκάν</span> <span class='ocrx_word' id='word_1_315' title='bbox 482 4437 519 4510; x_wconf 87' lang='grc' dir='ltr'>δν</span> <span class='ocrx_word' id='word_1_316' title='bbox 535 4438 578 4511; x_wconf 84' lang='grc' dir='ltr'>τὸ</span> <span class='ocrx_word' id='word_1_317' title='bbox 595 4439 709 4522; x_wconf 88' lang='grc' dir='ltr'>μανίας</span> <span class='ocrx_word' id='word_1_318' title='bbox 727 4434 890 4531; x_wconf 81' lang='grc' dir='ltr'>συνεπάγη</span> <span class='ocrx_word' id='word_1_319' title='bbox 908 4435 992 4533; x_wconf 85' lang='grc' dir='ltr'>πρὸς</span> <span class='ocrx_word' id='word_1_320' title='bbox 1008 4435 1051 4508; x_wconf 82' lang='grc' dir='ltr'>τά</span> <span class='ocrx_word' id='word_1_321' title='bbox 1068 4442 1239 4533; x_wconf 70' lang='grc' dir='ltr'>λυπῇ-35</span> 
     </span>
    </p>
   </div>
   <div class='ocr_carea' id='block_1_5' title="bbox 0 0 1528 5014">
    <p class='ocr_par' dir='ltr' id='par_1_6' title="bbox 0 0 1528 5014">
     <span class='ocr_line' id='line_1_38' title="bbox 0 0 1528 5014; baseline 0 0"><span class='ocrx_word' id='word_1_322' title='bbox 0 0 1528 5014; x_wconf 95' lang='lat' dir='ltr'> </span> 
     </span>
    </p>
   </div>
  </div>
 </body>
</html>
