2954 5020
303 319 343 382 88
595 319 795 393 ΓΕΩΡΓΙΟῘΥ
817 315 1108 378 ΧΟῙΡΟΒΟΣΚΟΥ
1425 319 1472 378 Ka

304 489 341 572 δίη
366 496 428 560 τοῦ
452 485 559 586 φλέψ
588 486 730 585 φλεβός,
758 482 848 584 φὰψ
873 482 998 581 φαβός,
1023 482 1111 576 Νίψ
1134 482 1257 570 Νιβός,
1281 485 1412 575 (ὄνομα

302 607 439 702 κρήνης)
460 605 512 673 καί
538 600 611 695 λίψ
632 601 741 690 λιβὸς,
765 599 799 690 (ὁ
821 598 961 692 ἅνεμος,)
985 601 1038 670 καί
1065 599 1093 670 δ’
1110 599 1191 698 ὑπέρ
1216 604 1412 690 συλλαβὴν,

304 719 374 791 οἷον
390 717 524 816 Ἀροψ
543 717 712 815 Ἀραβας,
732 713 866 808 Χόλιψ
882 711 1052 801 Χιίλιβος,
1071 715 1159 805 (ἔστι
1184 713 1219 785 δέ
1243 717 1297 786 καί
1324 717 1413 788 mk&

209 845 250 910 68
266 846 287 910 b
303 838 419 929 ἔθνος)
454 830 584 932 Θόρυψ
610 830 773 928 Θιίρυβος,
801 829 889 920 (ἔστι
915 828 949 900 δέ
980 831 1083 914 ὄνομα
1112 831 1245 926 κόριον,)
1274 829 1414 927 χέρνιψ

304 951 467 1048 χέρνιβος,
485 954 593 1018 ταῦτα
611 944 679 1043 γὰρ
697 945 749 1017 διὰ
772 952 834 1017 τοῦ
854 945 1068 1018 νκλίνονται.
1114 944 1198 1016 ΙΈτι
1223 943 1273 1015 δεῖ
1297 975 1416 1040 προσ·
1423 973 1442 1028 5

305 1069 416 1148 θεῖναι,
433 1063 484 1132 καί
511 1062 611 1160 χωρίς
634 1067 734 1160 τριῶν
754 1059 807 1132 διὰ
831 1067 894 1131 τοῦ
918 1089 938 1129 α
959 1059 1162 1144 κλιναμένιον,
1184 1059 1275 1152 λέγω
1300 1059 1338 1143 δὴ
1364 1061 1413 1132 τὸ

205 1173 213 1187 ’
306 1175 425 1271 Κίνυψ
447 1177 605 1274 Κίνυφας,
625 1177 713 1266 (ἔστι
731 1173 765 1246 δὲ
782 1176 885 1258 ὄνομα
902 1177 1083 1270 παταμαῦ,)
1100 1175 1152 1243 καί
1169 1179 1232 1245 τοῦ
1247 1173 1412 1268 καπῆλιψ

302 1295 499 1388 κατῆλιφας,
512 1289 671 1380 (σημαίνει
687 1286 721 1359 δὲ
732 1288 792 1370 τὴν
801 1287 902 1371 μέσην
912 1288 1038 1382 στέγην
1048 1287 1116 1360 ἆπό
1129 1295 1238 1372 πηλοῦ
1248 1289 1412 1384 (βηλοῢί)

304 1413 427 1488 ἧπινος
442 1405 606 1490 τοιοότου,
623 1403 680 1499 ἐφ’
696 1403 738 1472 ὥν
753 1401 799 1472 τὰ
821 1407 1092 1501 καταστρώματα
1109 1407 1266 1492 τίθενται,
1284 1406 1338 1477 καί
1366 1404 1412 1478 τό

305 1521 373 1595 ἀπὸ
389 1531 447 1606 τῆς
463 1520 610 1619 τρόπεως
626 1526 687 1590 τοῦ
704 1521 810 1602 ίσταῦ,
828 1523 853 1610 ᾧ
869 1521 1087 1618 προσδέδεται
1104 1523 1123 1593 ὁ
1142 1521 1261 1618 ίστός,)
1273 1525 1328 1594 καί
1345 1533 1413 1596 τοῦ
1428 1553 1462 1592 ιο

306 1636 449 1737 Σκίραψ
468 1637 649 1736 Σκίραφας,
664 1635 752 1726 (ἔστι
771 1633 805 1706 δέ
822 1636 925 1720 ὄνομα
941 1637 1048 1734 κόριον
1060 1636 1152 1735 παρὰ
1168 1648 1240 1715 τοῖς
1256 1651 1412 1722 κωμικαῖς

305 1755 554 1855 εὑρισκόμενον.)
599 1751 685 1824 Ἔτι
717 1749 765 1822 δεῖ
792 1756 996 1848 προσθεῖναι,
1024 1754 1124 1850 χωρίς
1149 1759 1213 1823 τῶν
1244 1757 1411 1826 συνθέτων

304 1877 370 1942 τῶν
394 1869 462 1940 ἆπό
487 1873 552 1939 τῶν
577 1871 620 1944 εἰς
646 1897 687 1937 να
710 1863 876 1963 ῥημάτιον,
900 1871 1007 1938 ταῦτα
1033 1866 1101 1964 γὰρ
1125 1866 1177 1938 διὰ
1202 1875 1265 1938 τοῦ
1290 1898 1310 1939 ιι
1335 1872 1411 1940 κλί-

305 2013 426 2068 νονται,
444 1983 513 2054 οίαν
530 1977 705 2078 πεδότριψ
722 1980 923 2078 πεδότριβας
944 1980 1023 2072 (τῶν
1039 1983 1346 2079 κατατετριμμένων
1364 1988 1410 2062 είς

304 2099 413 2182 πέδας,
426 2099 601 2171 τουτέστιν
617 2099 660 2175 είς
677 2095 820 2181 δεσμούς·
839 2095 934 2166 πέδαι
949 2093 1017 2194 γὰρ
1030 2101 1063 2168 οἱ
1079 2095 1220 2192 δεσμοί)
1238 2098 1409 2198 οἰκότριψ
1424 2131 1455 2190 ¹5

304 2218 504 2315 οἰκότριβος,
533 2215 693 2307 (σημαίνει
722 2213 756 2285 δὲ
781 2211 842 2284 τόν
867 2215 1040 2306 αίκογενῆ,)
1070 2211 1262 2310 χοιρόθριψ
1288 2217 1409 2312 χοιρό-

304 2335 431 2430 θριβος.
484 2328 656 2413 Δυνάμεθα
677 2325 787 2400 πόντα
810 2326 854 2398 τὰ
872 2330 915 2406 είς
932 2357 953 2398 υ
970 2330 1121 2418 λήγοντα
1138 2326 1243 2398 κανόνι
1261 2332 1407 2420 τοιούτῳ

303 2449 496 2534 ὑποβαλεῖν,
515 2447 619 2534 ᾧτινι
641 2441 891 2531 καθυτοβόλλει
909 2440 992 2515 αιἰτίι
1010 2443 1029 2511 ὁ
1048 2442 1277 2539 γραμματικός
1294 2445 1408 2518 Ἰωνάμ.

304 2591 355 2643 νης
371 2561 390 2630 ὁ
408 2555 543 2656 Χιίραξ·
571 2558 716 2629 καθόλου
730 2557 775 2629 τὰ
793 2560 835 2635 είς
852 2589 874 2629 ν
890 2564 1052 2650 λήγοντα,
1070 2559 1137 2629 ε’ίτε
1160 2560 1406 2648 μονασόλλαβα

305 2675 371 2746 ε’ίτε
386 2674 467 2771 ὑπὲρ
485 2671 540 2744 δόο
557 2670 741 2760 συλλαβὰς,
759 2674 826 2745 εἴτε
849 2677 945 2746 ἁπλᾶ
964 2673 1037 2744 Ιε’ίτε
1061 2665 1212 2760 σόνθετα,
1229 2673 1281 2745 διὰ
1299 2683 1364 2748 τοῦ
1382 2708 1452 2750 1120

304 2793 480 2874 κλίνονται,
497 2789 567 2861 αίον
581 2785 644 2882 ιδψ
660 2787 759 2874 ιόπός,
776 2788 937 2882 (σημαίνει
956 2787 991 2859 δὲ
1006 2786 1049 2859 τό
1061 2788 1168 2884 κόριον
1180 2790 1311 2878 ὄνομα)
1326 2791 1406 2885 θηψ

306 2907 419 3001 (θῶψ)
428 2904 539 2989 θητὸς,
547 2904 707 2994 (σημαίνει
718 2902 752 2974 δέ
761 2900 822 2974 τόν
830 2902 983 2997 κόλακα,)
994 2900 1103 2995 σκνίψ
1113 2901 1407 3000 σκνιπός,κιίκλειψ

304 3023 481 3107 κόκλωπος,
498 3018 628 3113 έλίκιυψ
645 3018 812 3100 ἑλίκωπας,
831 3020 865 3109 (ὁ
879 3019 1118 3116 εὖόφθαλμας,)
1133 3019 1221 3102 πλὴν
1236 3024 1303 3090 τῶν
1319 3023 1407 3116 είρηι

303 3137 402 3220 μένων
424 3138 457 3206 έν
481 3131 749 3221 μανασυλλόβοις
765 3133 804 3216 δ,
825 3135 916 3227 λέγω
936 3133 974 3217 δὴ
993 3141 1055 3205 τοῦ
1072 3131 1189 3231 φλέψ,
1207 3131 1309 3230 φὰψ,
1328 3133 1405 3227 νίψ,

302 3249 386 3346 λίψ.
417 3251 479 3322 Ἐν
495 3249 530 3322 δέ
545 3259 616 3326 ταῖς
632 3248 713 3346 ὑπὲρ
729 3250 806 3332 μίαν
822 3251 996 3338 συλλαβὴν
1010 3253 1127 3322 ἁπλῶν
1138 3248 1197 3334 μέν
1213 3249 1247 3332 ε’,
1257 3247 1404 3345 Ἀραψ,
1416 3287 1446 3342 ²5

303 3362 451 3459 Χείλυψ,
464 3362 592 3458 Κίνυψ,
604 3361 744 3458 θόρνψ,
758 3362 911 3460 Σκίραψ·
930 3364 1090 3435 συνθέτων
1104 3363 1138 3434 δὲ
1151 3362 1215 3444 δίο,
1228 3368 1292 3434 τοῦ
1301 3363 1405 3435 κατό-

301 3480 379 3576 λυψ
395 3482 447 3552 καί
466 3477 604 3578 χέρνιψ,
621 3478 673 3548 καί
690 3483 756 3549 τῶν
772 3477 841 3550 ἆπό
858 3485 924 3550 τῶν
940 3482 982 3556 είς
1000 3508 1041 3550 αα
1057 3475 1220 3574 ῥημάτων,
1237 3475 1309 3550 οἷον
1326 3511 1404 3550 παι-

302 3593 434 3692 δότριψ
451 3595 503 3688 καί
520 3594 565 3666 τὰ
584 3595 694 3676 ὅμοια.

314 3791 466 3860 xxm
494 3785 552 3858 τόν
582 3795 660 3858 οειῑι
687 3790 743 3859 εὶῑ
770 3789 849 3862 τοίη
872 3788 1103 3862 δυουκτικαίε
1132 3791 1287 3860 mm
1316 3791 1385 3860 ίαό

350 3908 459 3974 onmis
483 3897 648 3974 Γιιαυείοτ
670 3910 731 3974 moi·
754 3911 1003 3977 Χοινοεοειιοὶ.
1052 3905 1159 3976 'Ami
1184 3905 1244 3976 νίν
1270 3909 1349 3976 ειιᾶι
1410 3945 1443 4000 3⁰

423 4023 488 4089 τόν
516 4019 706 4088 ίενευικᾶυ
736 4019 927 4090 δυομένου.
980 4019 1102 4092 Κευόν
1134 4025 1273 4098 κινεῖται,

581 4132 695 4214 ἑνικιὶ,
720 4137 738 4204 ὁ
763 4134 848 4205 Aba
872 4141 932 4206 τοθ
957 4135 1118 4208 Αίκυτοτ.

350 4277 579 4366 Διαλαμβόνει
609 4282 628 4350 ὁ
659 4279 807 4378 τεχνικός
836 4283 912 4378 περὶ
945 4291 1004 4366 τῆς
1032 4283 1168 4359 κλίσεως
1196 4286 1261 4354 τῶν
1288 4283 1332 4358 είς
1362 4311 1400 4352 ευ

299 4393 519 4484 δισυλλάβων,
549 4395 706 4468 τουτέστι
740 4401 801 4468 τοῦ
830 4396 917 4474 Α’ίας
949 4397 1001 4468 καί
1035 4403 1100 4469 τῶν
1133 4397 1262 4480 ὁμοίων,
1293 4397 1400 4490 λέγων
