2972 5014
370 315 436 372 υιε
458 315 514 373 το
536 314 829 376 οιιοιιιτικου.
1080 329 1141 398 351

21 479 164 563 θηλυκὰ
182 481 268 552 άλλ’ν
281 481 444 578 άρσενικά,
462 483 481 552 ὁ
498 480 573 566 ι’μάς
590 481 658 580 γάρ
676 483 728 556 καὶ
746 487 765 554 ὁ
783 482 922 581 άνδριάς.
975 481 1093 557 Ταῦτα
1111 484 1146 557 δὲ

21 596 79 667 καὶ
115 599 328 695 παραλόγως
357 597 535 694 άξόνονται,
561 602 601 678 ὡς
631 599 783 672 δείκνυσιν
807 599 1010 697 Ἡρωδιανὸς
1041 603 1076 672 ἐν
1102 607 1146 698 τῇ

21 712 217 786 Καθόλου.

82 841 107 870 “
123 828 182 924 Τῇ
200 828 363 915 λαμπάδι,
380 831 440 913 τῆν
456 829 628 914 λαμπάδα,
645 829 851 916 ῶλαμπάς.”

80 945 223 1017 Ἰστέον
239 946 293 1018 ὅτι
318 944 363 1019 τά
389 949 432 1024 εἰς
457 977 498 1018 κν
524 945 662 1041 όξότονα
687 949 747 1031 τῆν
763 948 862 1031 αδτῆν
882 949 950 1045 ἔχει
976 949 1075 1046 ὀρθῆν
1091 949 1171 1032 καὶ5

22 1062 207 1147 κλητικῆν,
221 1062 290 1134 οἷον
306 1065 324 1144 ῆ
341 1059 477 1146 λαμπάς
492 1064 519 1134 ῶ
533 1061 678 1146 λαμπάς,
692 1061 804 1162 φυγὰς
819 1061 845 1137 ιδ
862 1063 983 1161 φυγάς,
999 1063 1145 1145 Παλλὰς

23 1175 243 1262 (ῶΠαλλάς,
264 1175 387 1276 Ἀρκάς
410 1179 436 1248 ῶ
457 1175 591 1275 Ἀρκάς,
614 1177 708 1277 τριάς
732 1179 759 1251 ῶ
782 1177 886 1276 τριάς,
907 1178 1095 1276 χαλκοκρᾶς
1119 1181 1145 1251 ῶ

25 1289 241 1389 χαλκοκράς.

84 1418 109 1448 “
131 1406 190 1478 Τά
216 1405 380 1494 λαμπάδι,
405 1418 478 1480 τοῖν
502 1405 701 1492 λαμπάδοιν,
723 1410 750 1480 ῶ
769 1407 934 1493 λαμπάδι.
986 1408 1036 1481 Αἰ
1056 1419 1144 1494 λαμ-

27 1521 153 1609 πάδες,
170 1529 237 1595 τῶν
253 1521 443 1608 λαμπάδων,
459 1533 532 1601 ταῖς
549 1522 753 1609 λαμπάσιν.”
1155 1555 1193 1596 10

87 1639 239 1736 Εἴρηται
257 1640 311 1712 ὅτι
328 1644 423 1712 πᾶσα
438 1638 551 1724 δοτικῆ
564 1642 668 1712 ἑνικῶν
686 1643 729 1719 εἷς
746 1641 812 1736 Ab)
825 1645 990 1733 λῆγουσα,
1002 1641 1047 1725 μῆ
1060 1639 1144 1714 οδσα

30 1755 126 1828 κατὰ
151 1755 408 1840 μεταπλασμόν,
433 1763 545 1856 τροπῆ
570 1763 633 1828 τοῦ
657 1787 677 1828 Δ
703 1759 746 1835 εἰς
773 1787 791 1828 2
816 1766 906 1827 ποιεῖ
929 1757 989 1839 τῆν
1015 1755 1144 1840 δοτικῆν

31 1876 104 1942 τῶν
131 1875 364 1955 πληθυντικῶν,
390 1868 459 1942 οἷον
486 1868 610 1969 Πάριδι
637 1871 780 1970 Πάριαι,
804 1869 884 1970 ἔριδι
909 1873 1005 1969 ἔρισι,
1029 1871 1143 1946 θέτιδι

34 1987 174 2072 θὲτισι,
207 1985 285 2058 ποδὶ
324 1988 435 2058 ποσίν·
478 1986 579 2065 οὕτως
613 1987 667 2060 οὗν
703 1989 756 2060 καὶ
790 1985 940 2072 λαμπάδι
975 1986 1142 2072 λαμπάσι.

36 2103 251 2199 Πρόσκειτοι
276 2114 297 2144 “
308 2103 352 2186 μῆ
373 2100 456 2174 οδσα
480 2100 567 2174 κατά
588 2102 863 2188 μετοπλασμδν,”
880 2103 987 2188 ε’πειδῆ
1007 2107 1101 2178 ἔστιν
1122 2107 1189 2197 ὄις

36 2217 163 2296 κλάδος
174 2224 237 2290 τοῦ
251 2216 373 2291 κλάδον
389 2224 438 2310 τῷ
454 2216 573 2310 κλάδῳ,
586 2220 638 2291 καὶ
657 2220 783 2313 γίνεται
795 2219 882 2293 κατά
897 2219 1143 2306 μεταπλασμδν

37 2342 89 2428 τῷ
109 2332 217 2420 κλάδι,
233 2335 286 2406 καὶ
305 2333 373 2406 ἰδοὺ
390 2338 432 2413 εἰς
450 2334 515 2432 Δ(ι)
532 2342 628 2430 λῆγει
646 2339 664 2418 ῆ
687 2335 799 2420 δοτικῆ
816 2341 882 2410 τῶν
898 2337 1013 2422 ἑνικῶν,
1036 2338 1088 2408 καὶ
1106 2338 1143 2409 οὔ

39 2453 157 2550 τρέπει
182 2450 225 2523 τό
245 2481 265 2522 Δ
286 2455 330 2529 εἷς
351 2481 368 2522 2
392 2453 444 2522 καὶ
470 2462 559 2524 ποιεῖ
582 2452 641 2535 τῆν
666 2449 796 2536 δοτικῆν
820 2458 885 2524 τῶν
910 2457 1142 2537 πληθυντικῶν,

42 2567 118 2640 οὐδὲ
135 2567 202 2665 γὰρ
218 2569 361 2660 λέγομεν
382 2577 453 2644 τοῖς
474 2565 605 2652 κλάσιν,
622 2567 713 2640 ἇλλά
730 2580 801 2647 τοῖς
818 2568 959 2647 κλάδοις·
991 2570 1067 2640 ἀλλ’
1087 2570 1143 2640 οὐκ

42 2685 221 2756 ἀντίκειται
239 2685 322 2768 ῆμῖν,
339 2681 447 2766 ε’πειδῆ
469 2681 715 2768 μεταπλασμδν
735 2688 895 2759 πέπονθεν
913 2689 931 2769 ῆ
949 2683 1065 2769 δοτικῆἸ
1076 2689 1142 2757 τῶν
1153 2716 1191 2758 ιο

44 2802 161 2885 ἑνικῶν,
177 2801 228 2872 καὶ
246 2800 367 2871 τούτου
383 2796 482 2897 χάριν
498 2804 541 2878 εἰς
558 2800 623 2895 Ab)
641 2805 748 2895 λήγει.

96 2927 117 2959 “
132 2914 202 2994 Τάς
216 2914 405 3001 λαμπάδας,
421 2917 448 2986 ῶ
462 2914 665 2999 λαμπάδις.”

483 3127 620 3225 [Κιτιῶν
644 3129 699 3221 0'.]

97 3261 180 3360 Περὶ
202 3269 267 3334 τῶν
292 3266 334 3341 εἷς
351 3291 413 3335 ‘ruz
427 3267 573 3347 θηλυκῶν
590 3260 806 3352 διαλαμβάνει
823 3265 843 3335 ό
859 3264 1019 3360 τεχνικός.
1071 3263 1140 3336 Καὶ

49 3378 156 3450 ι’στὲυν
171 3379 225 3451 ὅτι
241 3377 286 3451 τά
303 3381 346 3456 εἷς
363 3410 427 3452 τοι
443 3383 596 3474 λῆγοντα
615 3378 736 3466 θηλυκά
752 3387 913 3473 μονογενῆ
930 3376 982 3450 διὰ
999 3384 1061 3451 τοῦ
1079 3409 1140 3451 του
1151 3408 1186 3471 25

48 3497 219 3579 κλίνονται,
236 3491 306 3566 οἷον
322 3495 427 3579 ποτῆς
443 3504 603 3582 ποτῆτος,

203 3618 308 3690 ἐδητύος
322 3617 366 3689 ῆδδ
379 3622 501 3690 ποτῆτος,

52 3724 202 3816 (σημαίνει
230 3723 264 3795 δὲ
289 3725 349 3808 τῆν
376 3724 502 3820 πόσιν,)
532 3725 711 3809 κοσμιότης
733 3725 968 3811 κοσμιότητος,
995 3725 1141 3823 φιλότης

52 3840 239 3938 φιλότητος,
261 3841 400 3923 κακότης
420 3841 611 3924 κακότητος,
628 3841 789 3936 λογιότης
813 3843 1028 3936 λογιότητος,
1045 3843 1142 3916 τοιό-

52 3987 109 4040 της
137 3957 323 4042 ποιότητος,
348 3956 498 4040 ποσότης
527 3958 730 4044 ποσότητος,
760 3960 907 4056 ταχυκῆς
939 3969 1141 4057 ταχυτῆτος,
1151 3992 1190 4050 30

55 4071 205 4168 βραδυτῆς
225 4071 442 4170 βραδυτῆτος.
495 4071 702 4170 Πρόσκειτοι
721 4087 741 4118 “
755 4074 896 4158 θηλυκδι”
913 4073 966 4148 διά
984 4074 1027 4148 τά
1045 4077 1142 4159 θύτης

57 4190 155 4262 θάνον.
203 4188 320 4261 Ταῦτα
338 4187 406 4286 γὰρ
423 4191 460 4260 οὗ
476 4190 640 4263 κλίνονται
660 4189 711 4263 διά
732 4198 795 4264 τοῦ
814 4223 886 4276 τοι,
904 4194 982 4264 ἀλλ’
1000 4193 1055 4262 οὐκ
1077 4193 1141 4264 εἰσὶ

58 4303 177 4390 θηλυκά,
204 4305 282 4376 ἀλλ’
310 4302 472 4404 ιἰρσενικά.
525 4305 733 4405 Πρόσκειτοι
763 4309 983 4401 “μονογενῆ”
1010 4308 1064 4380 ἵνα
1097 4307 1142 4393 μῆ

58 4421 212 4516 ἀρσενικῶς
228 4421 245 4504 ῆ
264 4425 403 4504 θηλυκῶς
419 4421 593 4514 λέγωνται,
608 4419 658 4494 διά
675 4421 718 4494 τὸ
735 4423 877 4519 άκρατῆς
892 4429 955 4495 τοῦ
971 4423 1141 4518 ἀκρατοῦς,
