2954 5020
293 295 335 375 64
586 291 787 354 rmprwr
808 292 1099 354 XOIPOBOXKOT
1410 289 1472 352 Κανί

342 463 398 538 Τά
415 469 458 544 είς
483 493 565 537 »on
590 467 742 555 λήγοντα
767 465 810 539 είς
832 462 892 545 την
915 490 955 532 οτ
976 459 1170 560 δίφθογγον
1191 464 1308 560 ἔχουσι
1336 466 1401 547 τὴν

292 583 428 676 γενικὴν,
455 579 525 652 οίον
552 580 571 650 5
601 577 798 677 ἀδελφιδοῦς
821 583 883 650 τοῦ
911 575 1103 675 ἀδελφιδοῦ,
1127 578 1146 649 5
1175 577 1400 676 θυγατριδοῦς

291 704 355 770 τοῦ
371 695 581 794 θυγατριδοῦ,
597 696 650 766 καί
666 694 712 767 τὰ
733 695 843 780 ὅμοια.

343 812 399 884 Τὰ
416 810 507 911 παρά
524 809 567 884 τδ
589 841 694 883 mum
711 812 852 884 σόνθετα
876 808 936 890 την
955 813 1021 880 τῶν
1043 810 1159 880 άπλῶν
1176 807 1398 907 φυλάττουσι

291 931 409 1012 κλίσιν,
435 926 487 998 καί
513 924 566 1000 διὰ
593 932 656 999 τοῦ
683 955 746 998 μοι
775 925 939 996 κλίνονται
970 923 1088 1006 ὁμοίως
1113 931 1162 1016 τῷ
1188 928 1298 1016 ἁπλῷ,
1326 925 1425 1006 οἷονε

292 1043 450 1120 Οίδίπονς
474 1039 662 1124 Οἰδίποδος,
689 1035 967 1124 δίπους-δίποδος,
988 1039 1126 1134 τρίπους
1147 1039 1319 1138 τρίποδος,
1342 1073 1401 1113 τε·

291 1157 438 1258 τρόπους
466 1153 684 1255 τετράποδος,
714 1151 881 1232 ἑπτάπους
911 1150 1111 1232 ἑπτάποδος·
1140 1154 1186 1228 τά
1214 1153 1284 1254 γάρ
1310 1157 1400 1230 ἀπο-

291 1276 383 1370 βολῇ
399 1279 462 1346 τοῦ
480 1302 498 1342 x
517 1277 675 1344 ποιοῦντα
701 1271 761 1354 τὴν
784 1269 909 1364 γενικὴν
931 1269 984 1340 καί
1007 1271 1051 1347 είς
1066 1270 1126 1354 τὴν
1143 1300 1184 1342 ατ
1199 1269 1400 1368 δίφθογγον

292 1391 416 1487 ἔχοντα
444 1389 566 1472 ταότην
592 1384 738 1458 Ἀττικά
762 1388 855 1473 εἰσιν,
877 1385 947 1456 οίον
971 1385 990 1455 5
1015 1385 1151 1483 τρίπους
1174 1393 1237 1460 τοῦ
1260 1388 1400 1484 τρίπον,

293 1508 312 1578 5
331 1503 488 1581 Οίδίπονς
503 1509 565 1576 τοῦ
582 1501 735 1574 Οἰδίπου.
1411 1532 1445 1572 ιο

344 1617 459 1691 Τά’
430 1651 473 1697 εις
505 1649 544 1690 oz
573 1616 725 1716 ἀρσενικὰ
759 1617 778 1699 ίη
808 1615 992 1699 θηλνκά’
963 1649 1006 1695 εις
1038 1619 1098 1702 τάν
1129 1649 1169 1690 ow
1199 1617 1399 1716 δίφθογγον

291 1738 406 1835 ἔχουσι
436 1767 496 1820 την
527 1764 663 1828 γενικην,
693 1733 763 1804 οῖον
792 1729 962 1830 ἅνθρωπος
990 1733 1173 1831 ἀνθράπον,
1201 1734 1399 1832 Ἡρόδοτος

289 1851 492 1949 Ηροδόπον,
508 1850 706 1946 Ἐπίκουρος
720 1845 930 1946 Ἐπικούρου·
961 1847 1082 1932 θηλνκά
1100 1849 1200 1936 δὲ,οί
1163 1881 1233 1922 οον
1254 1849 1399 1940 Λέσβος

293 1965 445 2054 Λέσβου,
463 1963 550 2042 Χίος
566 1962 665 2048 Χίου,
682 1961 800 2041 Ῥόδος
816 1962 948 2047 Ρόδαν,
967 1961 1082 2049 Σάμος
1099 1962 1224 2050 Σάμον,
1234 1965 1399 2112 Ἔφίσος

293 2081 456 2180 Ἐφέσου,
474 2076 662 2178 Κάρπαθος
679 2075 929 2176 Καρπάθου,
893 2111 989 2163 νησος
1006 2085 1114 2167 νήσου,
1130 2110 1247 2179 ερημος
1263 2081 1396 2221 ἔρημον.
1411 2109 1442 2150 ι
1427 2127 1442 2168 ,

295 2198 502 2295 Πρόσκειτοι
519 2199 551 2268 ἐν
567 2202 616 2288 τῷ
632 2193 738 2267 κανόνι
757 2194 804 2237 “
788 2193 939 2292 αρσενικά
964 2195 982 2279 ίη
1008 2194 1156 2280 θηλνκά,”
1175 2195 1285 2268 διά
1243 2229 1290 2268 τα
1308 2197 1399 2270 οθδί-

293 2345 387 2412 τερα,
405 2313 474 2384 οίου
491 2309 600 2383 διὰ
560 2343 604 2383 το
620 2320 732 2407 τεῖχος
748 2309 945 2406 τείχους
893 2341 946 2380 και
961 2307 1007 2382 τά
1029 2311 1139 2396 όμοια.
1187 2311 1371 2384 Ταῦτα
1327 2344 1397 2412 γαρ

293 2433 337 2507 εἰς
360 2458 419 2500 οτι
441 2430 555 2524 ἔχουσι
581 2427 641 2510 τίηυ
665 2425 799 2520 γενικὴν,
820 2426 895 2522 περί
920 2426 964 2498 ῶν
986 2428 1015 2498 εί
1039 2431 1100 2520 θεῷ
1127 2428 1230 2524 φίλον
1252 2433 1303 2519 τῷ
1328 2428 1397 2521 ίδίιρ

292 2545 389 2636 τόπῳ
405 2545 546 2641 ε’ροῦμεν.

344 2658 401 2734 T&
426 2662 469 2738 είς
494 2688 537 2730 οι
561 2656 813 2744 μονοσύλλαβα,
839 2659 869 2728 εί
891 2656 949 2741 μὲν
973 2663 1210 2756 περισπῶνται,
1233 2659 1395 2756 ἀποβολῇ
1409 2695 1445 2733 ιο

292 2784 355 2852 τοῦ
373 2807 391 2849 x
411 2781 543 2848 ποιοῦσι
569 2773 629 2856 τὴν
652 2772 789 2864 γενικίην,
806 2767 875 2843 οἷον
898 2775 917 2844 ὁ
942 2780 1006 2852 σῶς
1027 2781 1091 2846 τοῦ
1114 2780 1173 2858 σῶ,
1191 2775 1266 2848 ἀντὶ
1290 2784 1355 2848 τοῦ
1377 2781 1397 2849 ὁ

294 2893 394 2987 ῦγιίης,
411 2894 430 2963 5
449 2892 547 2989 Κρῶς
565 2895 627 2962 τοῦ
651 2888 745 2987 Κρῶ,
769 2889 788 2958 ὁ
813 2887 899 2966 Γνῶς
923 2895 985 2961 τοῦ
1010 2889 1128 2976 Γνῶ,δ
1149 2889 1226 2968 Κῶς
1242 2898 1306 2963 τοῦ
1322 2893 1396 2964 Κῶ·

296 3009 417 3100 (ταῦτα
435 3003 469 3076 δὲ
486 3005 633 3089 ὀνόματα
651 3003 732 3076 είσίν
749 3005 857 3101 ἡρώων
873 3003 1025 3102 ἀρσενικὰ
1044 3005 1135 3102 κόρια
1158 3006 1397 3104 ὁμοφωνοῦντα

293 3129 367 3197 ταῖς
388 3117 540 3206 πόλεσιν,
557 3117 620 3189 εἶσί
639 3114 673 3189 δὲ
690 3118 838 3201 ὀνόματα
860 3120 988 3192 πόλεων
1010 3127 1130 3206 ταῦτα,
1147 3121 1237 3193 ἀλλά
1255 3128 1399 3207 θηλυκῶς

293 3233 376 3307 τότε
400 3233 572 3327 λε’γονται,
596 3231 666 3304 οἷον
689 3236 707 3315 ἦ
731 3233 839 3332 Κρῶς,
862 3240 882 3318 ἦ
904 3237 1002 3322 Γνῶς,
1020 3241 1038 3320 ἡ
1057 3237 1144 3324 Κῶς,
1161 3236 1201 3333 ἐξ
1217 3240 1339 3312 ἐκείνων
1361 3239 1422 3312 δὲα
1426 3271 1442 3332 5

290 3347 530 3436 ὠνομάσθησαν
559 3349 612 3420 καί
642 3351 678 3420 αι’
705 3349 846 3446 πόλεις’)
881 3353 910 3422 εί
939 3350 973 3424 δὲ
998 3349 1177 3447 όξῦνονται,
1206 3351 1252 3426 τά
1279 3358 1322 3433 είς
1352 3387 1395 3428 nx

291 3467 533 3554 μονοσύλλαβα
562 3464 882 3564 περιττοσυλλάβως
907 3469 1085 3554 κλίνονται,
1110 3470 1210 3568 χωρίς
1233 3477 1297 3542 τοῦ
1321 3469 1396 3571 ζῶς,

291 3589 395 3655 τοῦτο
413 3580 482 3680 γὰρ
499 3582 659 3675 ἀποβολῇ
673 3587 736 3654 τοῦ
754 3611 772 3654 x
789 3592 878 3654 ποιεῖ
891 3583 952 3666 την
969 3586 1103 3677 γενικὴν,
1120 3585 1190 3658 οίον
1210 3587 1230 3657 5
1254 3584 1316 3687 ζῶς
1332 3593 1397 3658 τοῦ

292 3695 348 3797 ζῶ,
365 3698 512 3782 σημαίνει
530 3697 563 3768 δὲ
579 3695 639 3769 τδν
656 3696 775 3798 ζῶντα.
810 3699 911 3772 Ἀλλ’
929 3699 1076 3784 ἔλθωμεν
1092 3703 1145 3773 καί
1161 3701 1221 3784 τίην
1237 3701 1395 3801 διαίρεσιν

290 3820 356 3887 τῶν
373 3815 417 3890 είς
434 3841 476 3884 απ
494 3809 653 3906 ὀξυτόνων
668 3813 933 3904 μονοσνλλάβων
950 3820 1173 3902 ποιησόμεθα.
1404 3854 1443 3911 30

341 3925 396 3998 Τά
420 3929 463 4005 είς
486 3957 527 4000 nx
548 3925 686 4022 όξῦτονα
711 3932 955 4020 μονοσύλλαβα
980 3931 1301 4030 περιττοσνλλάβως
1323 3937 1396 4006 κλί·

290 4074 411 4127 νονται,
434 4043 486 4114 καί
511 4040 556 4115 τά
581 4043 639 4126 μὲν
661 4045 785 4142 ἔχοντα
810 4047 987 4144 σύμφωνον
1011 4056 1070 4132 τῆς
1098 4048 1214 4146 τρίτης
1237 4047 1396 4148 συζυγίας

290 4165 357 4232 τῶν
380 4160 579 4255 βαρυτόνων,
596 4162 754 4236 τουτέστι
780 4162 823 4236 τδ
844 4194 864 4235 ο
886 4165 905 4247 ἣ
926 4163 969 4237 τδ
987 4195 1008 4236 ε
1026 4165 1045 4248 ίη
1066 4163 1109 4236 τδ
1126 4195 1157 4252 τ,
1175 4163 1227 4238 διά
1248 4171 1396 4266 καθαροῦ

203 4293 246 4380 58
261 4281 352 4358 hrofi
378 4305 418 4346 ox
442 4275 619 4362 κλίνονται,
646 4277 716 4349 οίον
741 4280 803 4358 θῶς
829 4279 921 4366 θωδς,
943 4282 1012 4378 ἔχει
1034 4279 1103 4379 γάρ
1125 4279 1167 4354 τό
1190 4313 1223 4368 ο,
1248 4281 1336 4374 (ἔστι
1361 4283 1395 4356 δὲ

291 4389 373 4468 εἶδος
391 4392 528 4487 θηρίου,)
546 4389 630 4476 δμῶς
650 4391 765 4480 δμωδς,
787 4397 855 4492 ἔχει
882 4396 951 4496 γὰρ
973 4397 1016 4474 τδ
1040 4429 1069 4482 ο,
1089 4401 1248 4490 (σημαίνει
1273 4397 1308 4471 δὲ
1331 4399 1419 4484 τάνς
1424 4429 1439 4484 5
