2982 5022
268 331 311 414 38
561 325 763 387 τεοντιος
784 323 1078 388 Χοιιοοοειιον
1389 309 1488 392 τινα

268 497 419 583 Ἀκάμας
436 495 657 579 Ἀκάμαντος.
681 491 766 562 Ἐἀν
782 491 817 562 δὲ
832 492 984 588 εύρεθόσι
1003 489 1168 589 Περσικά,
1180 474 1245 562 καίΙ
1256 489 1313 562 ε’ἀν
1329 494 1381 570 εἷς

271 617 447 712 σύμφωνον
471 613 572 707 ἔχωσι
599 613 660 694 τὴν
684 608 752 708 πρό
778 609 894 684 τέλους
918 610 1105 696 συλλαβὴν,
1135 610 1385 697 ι’σοσνλλάβως

270 731 448 812 κλίνονται,
477 723 559 810 οἷον,
592 725 755 808 Σαλόμας
785 724 944 808 Σαλόμα,
980 724 1162 810 Στιτόμας
1195 723 1378 808 Στιπόμα,

271 846 402 927 Σίλμας
427 842 552 924 Σίλμα,
580 838 757 937 Λυκόρμας
783 839 956 937 Λνκόρμα,
982 840 1082 937 χωρίς
1109 840 1251 925 Τόλμας
1278 840 1381 912 Τόλ-

269 989 402 1043 μαντος.
1388 975 1409 1034 5

321 1072 377 1144 Τὰ
395 1077 437 1151 είς
454 1103 519 1144 μιν
535 1077 686 1165 λήγοντα
699 1069 1081 1160 ἅπαντοίσοσυλλόβιος
1096 1073 1274 1154 κλίνονται,
1292 1069 1377 1155 οἷον,

272 1192 378 1268 Πίνας
407 1189 506 1272 Πίνο,
537 1188 678 1264 Ἀλὲνας
703 1187 840 1268 Ἀλένα,
872 1185 1007 1269 Κλῆνος
1034 1188 1163 1270 Κλῆνο,
1193 1188 1378 1284 Πρατῆνας

274 1309 447 1404 Προτῆνα,
465 1305 622 1402 Ἀρτίνας
637 1303 789 1400 Ἀρτίνα,
806 1302 906 1398 χωρίς
925 1308 988 1373 τοῦ
1004 1299 1118 1380 Κόνεις
1135 1300 1320 1381 Κόναντος.

323 1421 378 1493 Τά
404 1426 448 1499 εἰς
473 1451 538 1492 σοι
557 1426 716 1512 μονογενῆ
743 1415 978 1504 ι’σοσνλλόβιος
993 1419 1170 1498 κλίνονται,
1188 1420 1289 1515 χωρίς
1310 1425 1378 1489 τοῦ

273 1539 390 1615 Κύπας
401 1537 588 1617 Κύπαντος,
599 1531 678 1617 οἷον,
691 1531 838 1608 Κάλπας
851 1529 993 1615 Κόλτα,
1005 1531 1132 1612 Πόπας
1145 1531 1265 1617 Πόπα,
1286 1535 1432 1604 {ed-10

271 1683 335 1730 πας
349 1653 478 1734 Σκόπα,
491 1648 640 1734 Λόμπας
653 1646 796 1731 Λόμπα,
809 1645 960 1730 Πόμπος
974 1647 1119 1732 Πάμπα,
1133 1648 1247 1726 Λίπας
1260 1648 1377 1721 Λίπα.

272 1768 480 1867 Πρόσκειπαι
507 1767 715 1858 “μονογενῆ”
742 1761 795 1835 θεὰ
814 1761 857 1836 τά
882 1763 970 1841 ἅπας
992 1763 1150 1843 ἅπαντας·
1175 1771 1280 1837 τοῦτο
1303 1763 1376 1862 γάρ

272 1880 591 1977 περιττοσυλλάβως
619 1881 774 1964 κλίνεται,
799 1879 876 1950 ἀλλ’
909 1881 966 1949 ούκ
991 1880 1066 1949 ἔστι
1093 1879 1278 1975 μονογενὲς,
1302 1882 1377 1978 ἔχει

272 1997 340 2095 γὰρ
357 1999 409 2068 καί
428 1995 564 2081 θηλυκὸν
579 1995 632 2066 καί
650 1993 828 2091 οὐθέτερον,
845 1993 926 2078 οἶον,
943 1997 962 2076 ἦ
977 1993 1095 2065 ἅπασα
1111 1996 1163 2066 καί
1181 1995 1224 2068 τὸ
1241 1995 1344 2066 ἀπαν.

322 2111 377 2185 T&
395 2117 438 2192 είς
461 2145 522 2186 m
543 2113 743 2198 δισύλλαβα,
760 2111 884 2206 ἔχοντα
908 2111 970 2192 τὴν
992 2113 1125 2206 πρώτην
1140 2113 1194 2182 καί
1220 2112 1374 2211 δευτέραν
1387 2141 1430 2204 15

740 2227 917 2322 συμφώνου
941 2226 959 2308 ἦ
982 2227 1051 2297 ἀπὸ
1071 2234 1133 2298 τοῦ
1153 2229 1375 2327 ἀντιστοίχον

271 2346 463 2442 ἀρχομένην,
489 2339 808 2441 περιττοσυλλόβιος
833 2341 1009 2424 κλίνονται,
1037 2343 1107 2414 οἷον
1132 2342 1274 2442 Βόβρας
1299 2345 1376 2418 Βό-

271 2463 428 2557 βραντος,
441 2459 610 2556 Πρόφρας
627 2458 868 2555 Πρόφραντος,
880 2456 1028 2555 Τεύθρας
1042 2457 1259 2556 Τεύθραντος.
1285 2461 1375 2533 Ἰδού

271 2575 305 2646 66
329 2579 448 2660 ταῦτα,
473 2573 559 2671 φημί
585 2573 622 2656 δίη
647 2570 690 2644 τὸ
718 2573 888 2670 Πρόφρας
910 2574 963 2643 καί
991 2573 1148 2672 Τεύθρας,
1171 2577 1285 2674 ἔχουσι
1312 2577 1375 2660 τίην

270 2692 402 2787 πρόιτην
418 2689 593 2776 συλλαβὴν
614 2688 667 2758 καί
693 2687 842 2786 δευτέραν
859 2687 928 2760 ἀπό
949 2695 1012 2762 τοῦ
1033 2691 1251 2789 ἀντιστοίχου
1266 2694 1431 2790 ἀρχοαο

272 2807 377 2890 με’νας·
402 2804 520 2890 τὸμὲν
537 2803 605 2902 γὰρ
623 2804 793 2903 Πρόφρας
809 2807 877 2902 ἔχει
898 2807 958 2889 πίην
975 2805 1032 2890 μὲν
1048 2811 1180 2906 πρώτην
1197 2807 1375 2896 συλλαβὴν

271 2921 339 2994 ἀπὸ
364 2929 426 2994 τοῦ
451 2953 474 2993 n
500 2922 691 3018 ἀρχομένην,
716 2921 776 3003 τίην
801 2919 836 2992 δὲ
861 2920 1011 3019 δευτέραν
1032 2921 1101 2994 ἀπὸ
1126 2929 1186 2995 τοῦ
1212 2948 1242 2994 ε·
1267 2921 1311 2994 τὸ
1338 2923 1376 2994 66

179 3045 224 3124 46
238 3041 261 3106 b
273 3039 420 3134 Τεύθρας
443 3040 511 3134 ἔχει
528 3038 588 3120 τίιν
603 3035 661 3121 μὲν
677 3039 810 3133 πρώτην
826 3037 1000 3126 συλλαβὴν
1016 3036 1085 3109 ἀπὸ
1102 3039 1226 3111 τούτων
1244 3037 1320 3129 (τοῦ
1337 3043 1374 3129 τ)

272 3153 466 3250 ἀρχομένην,
486 3154 546 3236 πίην
571 3152 606 3224 δὲ
631 3151 780 3250 δευτέραν
805 3151 873 3224 ἀπὸ
898 3160 961 3224 τοῦ
994 3183 1027 3235 ε,
1053 3151 1139 3252 ἅπερ
1170 3154 1252 3225 είσὶν
1281 3153 1376 3224 ἀντί-

271 3300 409 3365 στοιχα.
432 3267 668 3365 Ἀντιστοιχεῖ
681 3269 739 3353 μὲν
756 3268 824 3366 γὰρ
837 3268 879 3341 τὸ
896 3267 954 3352 μὲν
968 3299 988 3340 ο
1005 3276 1054 3362 τῷ
1069 3301 1098 3353 π,
1111 3269 1154 3344 τό
1173 3269 1207 3343 δὲ
1222 3301 1242 3342 ο
1257 3273 1307 3360 τῷ
1326 3299 1363 3342 ιι.
1384 3314 1403 3354 2
1408 3317 1428 3374 5

322 3383 377 3456 Τὰ
404 3388 446 3462 είς
472 3414 533 3456 m
557 3389 708 3478 λήγοντα
734 3387 1003 3468 συνεμπίπτοντα
1026 3393 1156 3483 μετοχῆ
1182 3385 1375 3472 δισύλλαβα

270 3503 387 3586 ὁμοίιος
404 3497 723 3599 περιττοσυλλόβως
741 3502 917 3584 κλίνονται,
934 3498 1015 3586 οἷον,
1033 3499 1158 3598 Πείρας
1176 3500 1374 3598 Πείραντος,

263 3615 375 3714 Ἀρος
392 3615 573 3714 Ἀραντος·
600 3620 662 3690 είσί
689 3617 853 3690 δὲταῦτα
879 3618 1027 3702 ὀνόματα
1052 3618 1154 3715 κύρια,
1178 3617 1229 3687 καί
1258 3647 1375 3698 συνεμ-

272 3733 431 3802 πίπτονσι
449 3739 492 3825 τῇ
507 3731 588 3829 ἄρας
603 3734 656 3804 καὶ
673 3736 810 3831 σπείρας
826 3741 966 3831 μετοχῆ.
993 3732 1119 3824 Γέγονε
1135 3729 1169 3802 66
1185 3735 1204 3813 ἦ
1220 3729 1278 3814 μὲν
1291 3729 1375 3829 ἀρας

271 3847 400 3942 μετοχίη
422 3852 544 3918 τοῦτον
571 3846 632 3920 τόν
656 3849 796 3946 τρόπον·
834 3851 927 3921 ἔστιν
957 3849 1052 3946 ἀείρω
1081 3846 1124 3918 τὸ
1156 3843 1315 3946 κουφίζω,
1353 3849 1429 3941 630

271 3964 400 4044 μέλλων
416 3961 510 4060 ἀερῶ,
528 3965 546 4034 6
564 3965 722 4062 ἀόριστος
739 3969 839 4062 ἤειρα,
857 3969 875 4048 ἦ
892 3965 1021 4061 μετοχὴ
1038 3965 1057 4034 6
1075 3963 1194 4061 ἀείρας,
1212 3964 1265 4034 καί
1285 3962 1374 4035 κατὰ

271 4079 387 4174 κρᾶσιν
403 4083 464 4149 τού
481 4081 566 4151 ιικαί
585 4111 616 4164 ιε,
631 4083 704 4158 είςιι
721 4078 873 4162 όηλονότι
886 4077 1023 4177 μακρὸν,
1037 4076 1129 4176 ἀρας.
1155 4076 1210 4149 Τό
1227 4076 1262 4149 δὲ
1278 4079 1376 4150 σπεί-

271 4225 330 4292 ρας
355 4195 486 4287 ίγένετο
503 4201 624 4268 τοῦτον
644 4194 705 4267 τὸν
721 4195 861 4292 τρόπον·
888 4196 962 4267 ἔστι
981 4197 1106 4294 σπείρω
1130 4193 1173 4267 τό
1199 4190 1375 4282 ἕμβιίλλω,

272 4313 291 4382 6
316 4311 445 4394 μέλλων
462 4317 585 4409 σπερῶ,
602 4315 621 4382 6
639 4313 797 4409 ἀόριστος
821 4313 1007 4409 ἕσπειρο,ἦ
1029 4313 1158 4410 μετοχὴ
1183 4313 1203 4383 6
1225 4311 1375 4408 σπείρας,

272 4427 323 4500 καί
341 4428 515 4526 ἀφαιρέσει
533 4435 595 4502 τοῦ
614 4460 629 4502 ε
648 4429 770 4526 πείρας.
1387 4460 1427 4518 35
