2966 5014
438 349 506 410 ΕΙΣ
526 349 583 410 ΤΟ
605 351 899 413 ΟΝΟΜΑΤΙΙΙΟΝ.
1156 349 1217 436 189

78 517 212 614 σίριῖ,
233 517 286 588 καί
311 515 397 588 κατὰ
422 520 538 614 κρᾶσιν
554 523 620 590 τῶν
637 517 692 590 θόο
710 549 736 591 ιι
758 523 801 597 εἰς
817 520 851 591 ἓν
868 550 893 608 ι,
911 519 1066 604 δηλονότι
1083 521 1220 619 μακρὸν,

79 633 270 729 Βουσίρι,
299 629 412 730 όίσπιρ
443 633 520 730 ὄφις
556 634 654 731 ὄφιος
684 635 762 732 όφιῖ
789 635 862 732 ὄφι,
891 637 945 708 καί
974 643 1036 709 τοῦ
1070 635 1221 726 Κλέοβις

80 748 290 836 Κλεόβιος
310 747 460 836 Κλεόβιϊ
480 748 628 837 Κλεόβι,
647 748 733 822 κατὰ
759 754 875 848 κρῦσιν
899 757 966 824 τῶν
988 751 1043 824 θόο
1066 783 1091 824 ιι
1121 755 1164 832 είς
1184 754 1220 826 ἓν

79 865 255 963 μακρόν.
303 862 357 936 Τό
375 863 409 936 δὲ
428 862 557 964 Πάριος
573 867 625 938 καί
645 867 762 944 Θέτιος
779 865 913 940 Ἰωνικά·
939 868 1048 952 ἐπειδὴ
1065 872 1098 940 αι’
1110 869 1220 948 Ἰωνες

80 983 298 1080 εὑρίσκουσι
323 979 399 1053 τινὰ
422 983 463 1058 είς
486 1011 519 1052 12
536 980 587 1052 διὰ
604 987 748 1078 καθαροῦ
765 989 827 1054 τοῦ
845 1015 884 1056 οε
901 985 1082 1068 κλινόμενα,
1100 988 1140 1062 ὡς
1164 987 1246 1066 ἕπί5

79 1104 168 1168 τοῦ
201 1093 318 1180 μόντις
339 1093 475 1180 μάντιος
499 1098 552 1168 καί
581 1098 659 1194 ὄφις
687 1099 795 1195 ὄφιος,
819 1099 940 1172 τοῦτον
960 1097 1059 1197 χάριν
1087 1103 1140 1173 καί
1164 1103 1219 1174 ε’πί

81 1219 176 1286 τῶν
209 1213 399 1297 κλειομένων
429 1211 480 1284 διὰ
508 1216 684 1311 συμφώνου
713 1221 883 1286 ποιοῦνται
917 1216 977 1298 τὴν
1011 1218 1136 1308 γενικὴν
1166 1215 1218 1290 διὰ

85 1334 263 1427 καθαροῦ
286 1335 348 1401 τοῦ
373 1359 424 1414 02,
449 1329 638 1427 ἐπαίροντες
662 1327 705 1401 τὸ
729 1331 913 1427 σύμφωνον,
938 1332 990 1402 ’ίνα
1011 1335 1218 1416 μιμήσονται

85 1445 150 1520 τὰ
186 1445 291 1530 ἅλλα,
317 1447 402 1544 φημί
428 1445 462 1520 δὲ
485 1445 531 1518 τὰ
553 1447 724 1530 κλινόμενα
748 1444 799 1518 διὰ
823 1451 968 1545 καθαροῦ
992 1455 1054 1519 τοῦ
1078 1478 1128 1531 ατ,
1150 1445 1219 1520 οίον

88 1561 269 1662 Πάριδος
286 1561 425 1662 Πάριος,
444 1561 581 1641 θέτιθος
598 1563 726 1645 θέτιος,
750 1569 804 1654 [ΙΙ.
824 1563 863 1636 ό.
881 1568 972 1656 598.]
1233 1591 1268 1631 ιο

360 1679 450 1736 θίτιοι
463 1679 488 1734 δ’
503 1679 619 1750 ἐξαίσιον
632 1679 705 1752 ἅρην,

93 1791 144 1888 ἐξ
165 1790 210 1866 οῦ
222 1790 265 1865 τὸ
283 1793 388 1876 Θέπιΐ,
405 1793 458 1864 καί
480 1790 566 1864 κατὰ
585 1795 701 1889 κρᾶσιν
723 1798 788 1864 τῶν
811 1791 866 1864 δύο
893 1823 917 1865 ιι
942 1797 985 1871 είς
1005 1795 1041 1865 ἓν
1062 1793 1215 1877 δηλονότι

95 1907 254 2007 μακρόν,
271 1907 365 1994 θέτι,
396 1911 451 2002 [ΙΙ.
469 1908 513 1978 σ’.
531 1909 625 2003 407.]

360 2035 444 2090 πάντα
458 2034 521 2090 θέτι
533 2035 744 2110 καλλιπλοκάμῳ,

97 2137 292 2216 Ἀδώνιδος
305 2137 470 2215 Ἀδάμας.
514 2137 584 2208 Οῦκ
600 2138 653 2208 ἐπὶ
671 2135 802 2210 πάντων
819 2137 854 2210 θὲ
869 2146 972 2212 τοῦτο
993 2147 1136 2214 ποιοῦσι·
1163 2142 1217 2214 έπΙ
1229 2175 1264 2235 15

104 2253 188 2354 γὰρ
204 2259 270 2326 τῶν
286 2256 329 2331 εἰς
346 2284 379 2326 ιε
396 2251 555 2348 ὀξυτόνων
572 2254 627 2324 οῦκ
644 2251 882 2342 ἀποβάλλουσι
908 2254 951 2328 τό
969 2287 1000 2338 A,
1018 2253 1087 2328 οίον
1104 2259 1219 2341 μνημίς

105 2369 281 2455 μνημίθος,
298 2368 385 2464 άφίς
404 2368 539 2463 ιἰψίόος,
557 2367 704 2466 Χρυσηίς
729 2367 926 2468 Χρυσηίδος.
970 2371 1039 2443 Καί
1058 2370 1147 2445 ὃιατί
1163 2375 1218 2446 ἐπί

106 2487 175 2572 μὲν
200 2494 265 2560 τῶν
289 2490 332 2566 είς
355 2517 388 2560 ιτ
413 2485 572 2582 ὀξυτόνων
597 2487 652 2558 οῦκ
676 2483 914 2573 ἀποβάλλουσι
942 2484 984 2558 τό
1008 2517 1027 2558 A
1052 2485 1138 2560 κατὰ
1158 2489 1218 2574 τὴν

110 2603 245 2698 γενικὴν
267 2607 301 2674 οἱ
315 2603 434 2686 Ἴωνες,
457 2602 510 2674 ε’πί
535 2600 569 2674 δὲ
593 2602 782 2700 βαρυτόνων
800 2599 1057 2690 ἀποβάλλουσιν
1074 2602 1167 2692 αῦτό,
1185 2606 1219 2678 έν

110 2730 190 2798 τοῖς
214 2723 362 2802 θηλυκοῖς
386 2719 415 2791 εί
444 2723 505 2810 θεῷ
532 2719 637 2816 φίλον
662 2717 890 2802 μαθησόμεθα.
930 2719 1033 2792 Ἀλλ’
1063 2724 1139 2793 οῦτε
1163 2721 1218 2794 ἐπὶ
1229 2753 1266 2793 20

112 2843 184 2908 τῶν
199 2835 389 2933 τρεπόντων
405 2832 448 2906 τὸ
466 2864 485 2906 A
503 2837 545 2912 εἰς
561 2833 603 2906 τὸ
621 2863 641 2906 τ
657 2831 749 2930 παρὰ
771 2843 843 2910 τοῖς
866 2834 1043 2930 Δωριεῦσιν
1061 2833 1220 2924 ἆποβόλ-

113 2961 215 3024 λουσι
238 2949 282 3024 τό
303 2981 322 3021 A
345 2949 430 3022 κατὰ
452 2951 512 3034 τὴν
529 2950 654 3043 ’γενικὴν
676 2953 708 3022 οί
724 2949 845 3036 Ἴωνες,
864 2949 933 3022 οἷον
951 2949 1051 3034 θέμις
1069 2949 1218 3035 θέμιδος,

113 3069 169 3138 καί
197 3067 341 3151 Θέμιτος
367 3068 527 3164 Δωρικῶς,
551 3066 603 3138 καί
627 3067 659 3138 έν
684 3071 883 3158 πλεονασμῷ
908 3073 971 3139 τοῦ
998 3097 1016 3138 τι
1046 3074 1219 3154 ποιητικῶς

115 3184 287 3268 Θέμιστος
302 3181 382 3265 οΙον,
405 3187 460 3278 [ΙΙ.
478 3182 516 3254 ό.
535 3187 602 3272 87.]

363 3309 474 3381 θίμιοτι
487 3308 654 3384 καλλιπαρίιφ
1229 3333 1265 3395 25

122 3419 179 3505 [n
196 3411 232 3484 v'·
250 3417 298 3502 ι]

362 3541 424 3599 Ζεὺς
437 3541 466 3598 δι’
480 3543 599 3614 Θέμιστα
611 3543 744 3610 κιλιυσιν,

115 3643 170 3715 καί
203 3641 306 3716 πόλιν
340 3642 437 3743 χάρις
466 3642 602 3744 χόριιΙος
631 3643 771 3744 χάριτος
797 3644 849 3716 καί
880 3648 1082 3734 πλεονασμῷ
1108 3649 1171 3716 τοῦ
1201 3673 1218 3716 2

490 3759 746 3787 Ast!

115 3757 292 3857 χάριστος.
336 3759 450 3832 Τοῦτο
467 3759 501 3834 δε
517 3793 560 3834 το
577 3791 674 3860 χαρις
699 3792 840 3859 χάριτος
860 3758 912 3832 καί
929 3761 1007 3857 παρ’
1027 3762 1100 3842 ἡμῖν
1118 3758 1219 3838 οὕτως

115 3873 320 3972 ἐπεκράτησε
344 3876 515 3970 λέγεσθαι,
555 3875 658 3948 Ἀλλ’
678 3879 754 3950 οῦτε
778 3875 813 3948 δὲ
834 3873 879 3948 τά
905 3877 948 3954 είς
971 3906 1003 3948 ιιι
1030 3873 1151 3959 θηλυκὰ
1173 3873 1219 3950 τὰ
1228 3901 1267 3960 30

117 3993 275 4085 γενόμενα
297 3991 365 4066 ‹im-‹³›
382 3999 447 4068 τῶν
470 3996 512 4071 είς
538 4023 581 4066 112
607 3993 789 4090 ιἰρσενικῶν,
809 3989 1048 4081 ιἰποβόλλουσι
1073 3991 1116 4066 τό
1140 4023 1162 4064 A
1187 3996 1221 4065 οί

109 4108 219 4188 Ἴωνες
243 4107 328 4184 κατὰ
344 4110 405 4193 τίμ
422 4110 557 4204 γενικὴν,
575 4108 644 4184 οίον
660 4111 679 4182 ὁ
696 4107 839 4204 τοξότης
864 4115 926 4182 τοῦ
950 4107 1106 4204 τοξότου,
1123 4110 1176 4182 καί
1199 4113 1219 4193 ἧ

117 4221 254 4317 τοξότις
277 4233 336 4308 τῆς
360 4222 545 4320 τοξότιδος,
563 4227 582 4296 ὁ
599 4227 741 4310 πολίτης
761 4232 823 4298 τοῦ
845 4227 998 4309 πολίτου,
1015 4227 1067 4298 καί
1086 4230 1104 4309 ἡ
1120 4225 1221 4298 πολί·

118 4369 169 4416 τις
189 4347 248 4422 τῆς
269 4340 452 4424 πολίτιδος,
469 4343 488 4412 ό
507 4341 670 4439 δραπέτης
685 4347 747 4414 τοῦ
764 4341 939 4440 δραπέτου,
957 4342 1010 4413 καί
1028 4345 1046 4424 ἧ
1064 4340 1220 4439 ιΙραπέτις

24 4463 102 4530 110b
119 4463 176 4540 τῆς
202 4455 407 4554 θρατέτιθος.
447 4457 550 4530 Ἀλλ’
570 4458 646 4530 οῦτε
687 4456 702 4530 ί
726 4455 770 4530 τά
793 4455 987 4559 νομιζόμενα
1010 4453 1079 4528 άπὸ
1095 4462 1161 4530 τῶν
1177 4458 1219 4534 είς
1228 4485 1265 4547 35
