2972 5014
456 319 524 380 mx
546 317 602 380 To
624 317 916 380 ONOMATIKON.
1173 333 1236 402 395

137 487 246 590 άριίιο,
270 487 323 559 καί
348 485 562 586 φυλάττουσι
587 489 648 572 τὴν
668 487 769 572 αῦτῦην
790 487 909 570 κλίσιν,
937 485 1023 584 φημὶ
1047 483 1083 558 θί
1103 487 1163 570 την
1185 487 1239 590 θεά

138 611 203 680 τοῦ
226 635 300 691 τοι,
329 605 400 678 οἷον
428 603 543 703 φωτὸς
569 605 625 676 καί
657 604 754 682 οὗτός.
792 598 987 688 Ἐμάθομαν
1014 599 1082 700 γάρ
1109 603 1163 676 θη
1193 602 1240 677 τά

137 723 336 820 συνηρημένα
352 721 412 805 τὴν
428 727 494 793 τῶν
510 721 649 792 ε’ντιλῦιν
664 718 878 818 φυλάττουσι
895 721 1014 804 κλίσιν,
1031 717 1100 792 οἷον
1115 725 1253 816 τιμήεις

137 842 310 922 τιμήεντος
347 846 444 924 τιμῆς
481 845 647 923 πιμῆντσς,
685 836 837 935 θαφνῆεις
879 833 1080 936 θαφνῆενπος
1113 834 1240 934 ’θαφνῆς

136 955 333 1054 θαφνῆντος,
350 954 458 1032 πλέος
473 947 582 1026 πλέον
598 961 703 1032 πλοῦς
724 961 824 1040 πλοῦ,
840 955 981 1052 χρύσεος
1003 954 1145 1051 χρυσέου
1160 982 1241 1051 χρυ·
1250 979 1266 1042 5

136 1080 216 1162 σαῦς
240 1080 377 1172 χρυσοῦ,
404 1073 562 1170 άργῦρεος
587 1073 748 1170 ἀργυρέου
771 1072 934 1170 ἀργυροῦς
960 1072 1118 1169 ἆργυρυῦ,
1141 1071 1241 1149 οῦτας

1 1207 63 1290 39
90 1225 118 1266 a
136 1186 194 1262 οῦν
216 1190 268 1260 καί
295 1188 383 1287 φόας
413 1188 544 1302 φόατος
568 1188 621 1258 καὶ
650 1192 720 1285 φῦς
745 1184 870 1284 φατὸς,
894 1187 947 1258 καί
975 1187 1034 1264 ὅας
1060 1187 1160 1264 ῦατος
1186 1188 1240 1259 καί

134 1305 180 1382 ὥς
194 1305 290 1382 άτάς.
316 1303 433 1376 Ταῦτα
450 1303 508 1388 μὲν
524 1304 557 1374 ίν
572 1304 717 1382 τοῦτοις.

189 1415 319 1491 Ἰοπέον
347 1417 384 1490 ῦί
409 1416 463 1490 ὅτι
492 1417 576 1496 τινὲς
603 1417 648 1491 τὸ
677 1422 748 1516 φῦς
778 1414 848 1490 ἀπὸ
876 1422 939 1490 τοῦ
965 1413 1073 1515 φάους
1099 1417 1253 1512 λέγουσι,

135 1537 338 1628 γεγενῆσθαι
370 1532 456 1606 κατὰ
485 1537 603 1633 κρᾶσιν
630 1539 693 1606 παῦ
722 1561 744 1604 κ
771 1533 825 1604 καὶ
852 1561 871 1604 ο
901 1535 944 1610 είς
974 1563 1010 1616 ο,
1036 1533 1152 1611 οἵτινες
1185 1535 1290 1606 οῦκιο

135 1647 280 1746 ἆκριβῦς
303 1650 453 1741 λέγουσι·
486 1645 530 1722 τὸ
555 1648 624 1747 γὰρ
649 1645 738 1747 φάος
763 1651 807 1726 είς
835 1675 896 1720 οτι
919 1649 989 1745 ἔχει
1015 1649 1077 1732 τὴν
1103 1651 1241 1742 γενικὴν,

135 1759 209 1832 οἷον
224 1763 340 1859 φάους.
383 1759 541 1858 Ἔχομεν
558 1759 627 1859 γάρ
652 1760 708 1832 ἔτι
731 1757 778 1832 τά
800 1763 843 1838 είς
860 1790 901 1832 οι
918 1759 1071 1858 οῦθέτερα
1089 1761 1240 1845 ὅνόμοτα

135 1880 183 1954 εἷς
217 1906 277 1948 οπο
309 1879 423 1975 ἔχουσι
456 1878 517 1961 τὴν
546 1877 683 1970 γενικὴν,
711 1873 780 1948 οίον
812 1887 926 1975 τεῖχος
958 1878 1099 1975 τείχους,
1133 1876 1250 1966 βάθος

135 1987 272 2080 βάθους,
289 1993 365 2074 ἦθος
389 1998 494 2079 ἤθους,
515 1993 618 2081 βέλος
639 1992 768 2080 βέλους
794 1990 838 2065 τὸ
863 1991 900 2064 δέ
919 1999 990 2091 φῦς
1015 1991 1068 2065 διὰ
1092 1995 1154 2065 τοῦ
1178 2017 1240 2066 τοι

135 2108 294 2193 κλίνεται,
317 2106 386 2180 οἷον
411 2109 535 2207 φωτός.
587 2107 637 2179 Εἰ
665 2107 700 2180 δὲ
730 2109 766 2190 ἢν
791 2106 944 2182 ἀπὸτοῦ
971 2105 1071 2206 φάος,
1097 2109 1288 2207 ὤφειλενις

135 2223 255 2306 ὁμοίως
271 2225 358 2316 αι’ντῷ
376 2227 418 2302 εἷς
437 2255 495 2296 ουκ
515 2224 678 2322 ἔχειντὴν
695 2227 830 2317 γενικήν·
857 2221 1018 2310 ἐμάθομεν
1036 2222 1104 2321 γὰρ
1122 2224 1176 2298 ὅτι
1193 2223 1238 2297 τά

136 2341 334 2436 συνηρημένα
351 2341 410 2424 τὴν
426 2345 491 2413 τῶν
507 2341 643 2412 ἐντελῶν
660 2337 875 2437 φυλάττουσι
896 2341 1016 2412 κλίσιν.
1069 2339 1239 2438 Κρεῖττον

137 2452 193 2526 οῦν
216 2455 292 2527 ἔστι
311 2457 519 2552 σχηματίσαι
549 2452 630 2526 αὐτὸ
656 2453 724 2526 ἀπὸ
747 2461 809 2526 τοῦ
833 2453 932 2552 φάος,
950 2459 989 2534 ὡς
1011 2456 1147 2552 εἴρηται,
1165 2458 1237 2528 καθ’

136 2568 394 2666 ῦτερβιβοσμὸν
409 2577 472 2644 τοῦ
495 2572 515 2642 ὁ
540 2571 629 2669 φάας
653 2569 705 2642 καί
727 2567 813 2643 κατὰ
839 2574 956 2668 κρᾶσιν
972 2577 1035 2644 τοῦ
1051 2603 1070 2642 ο
1087 2572 1140 2643 καὶ
1159 2601 1178 2644 κ
1197 2575 1240 2650 είς

138 2715 172 2769 α,
199 2691 270 2785 φῶς
298 2687 464 2770 δηλονότι·
490 2687 595 2759 οῦκέτι
623 2684 691 2784 γάρ
720 2690 738 2768 ἦ
764 2687 871 2764 κλίσις
900 2687 1088 2770 ἀντίκειται,
1114 2689 1167 2758 καί
1195 2685 1287 2761 τῦοο

137 2802 227 2899 φόας
243 2801 312 2900 γὰρ
330 2801 381 2874 θιᾶ
398 2809 460 2876 τοῦ
475 2833 538 2874 τοι
553 2805 708 2875 κλίνεται.
761 2801 831 2873 Καὶ
854 2802 909 2873 ε’τὶ
929 2800 1041 2874 ἄλλων
1061 2802 1096 2875 δὲ
1119 2805 1240 2901 ἔχομεν

136 2923 271 3014 πρῶτον
286 2917 543 3017 ῦπερβιβασμὸν
559 2919 741 3013 γενόμενον,
765 2919 818 2989 καί
844 2917 945 2996 οῦτυς
969 2923 1095 3017 κρᾶσιν,
1119 2921 1160 2997 ὡς
1184 2920 1238 2990 ἐπὶ

135 3037 201 3104 τοῦ
220 3032 347 3105 “τεθία
373 3037 569 3120 λωπεῦντα,”
593 3035 666 3107 ἆντί
691 3040 754 3106 τοῦ
782 3034 942 3106 ἀνθοῦντα
967 3033 1077 3106 λωτὸν
1101 3035 1237 3132 ἔχοντα·

139 3144 261 3236 (λωτὸς
277 3146 311 3220 θὲ
327 3149 419 3221 ε’στίν
435 3149 517 3228 κίδος
542 3148 712 3247 βοτάνης.)
755 3148 840 3222 Ἐάν
864 3148 932 3247 γὰρ
958 3147 1026 3221 ἆτό
1049 3155 1112 3221 τοῦ
1131 3149 1240 3222 λυτά-

137 3291 216 3332 εντα
241 3263 377 3346 ε’ίπωμεν
393 3262 485 3346 αῦτό,
502 3271 673 3336 λωτοῦντα
691 3263 777 3362 εἲχεν
794 3263 872 3338 εἶναι
890 3263 943 3337 θιά
959 3273 1018 3349 τῆς
1036 3295 1075 3336 ου
1093 3264 1286 3363 διφθάγ-ο5

137 3396 212 3467 γον·
255 3371 298 3445 τά
327 3374 395 3474 γὰρ
423 3408 442 3448 ο
470 3379 523 3448 καὶ
558 3409 577 3450 α
609 3377 768 3452 οῦθέποτε
802 3383 844 3458 εἷς
876 3381 937 3464 τὴν
971 3411 1011 3452 ατ
1045 3379 1240 3478 δίφθογγον

134 3489 298 3586 κίρναπαι,
324 3491 403 3563 ἁλλ’
429 3497 472 3572 εἰς
500 3494 561 3578 τὴν
586 3524 636 3577 ου,
662 3491 732 3567 οίον
756 3493 800 3567 τῦ
829 3494 906 3580 ἐμάν
928 3493 1061 3581 τοῦμῦν,
1088 3497 1239 3593 προέστη

136 3606 300 3701 προῦστη,
327 3608 457 3704 προέβη
490 3610 633 3708 προῦβη·
684 3608 776 3682 άλλά
805 3611 948 3706 λέγομεν
980 3611 1035 3684 ὅτι
1070 3610 1139 3682 ἀπὸ
1177 3618 1241 3684 τοῦ

135 3721 306 3792 λυτάιντα
330 3725 402 3795 καθ’
424 3723 681 3822 ῦπερβιβασμόν
701 3731 763 3797 τοῦ
790 3755 810 3798 ιι
841 3727 962 3821 γέγονε
986 3727 1168 3813 λυπέοντα,
1185 3728 1238 3798 καί

136 3833 224 3906 κατά
253 3839 370 3934 κρῦσιν
396 3840 542 3936 Δωρικην
568 3840 587 3924 ἢ
615 3840 757 3925 Ἰωνικὴν
786 3847 850 3914 τοῦ
876 3872 896 3913 κ
921 3842 974 3913 καί
1002 3875 1021 3914 α
1045 3845 1088 3920 εἰς
1112 3845 1173 3928 την
1199 3873 1239 3914 ετ
1246 3879 1287 3935 30

137 3947 330 4048 δίφθογγον
345 3959 523 4037 λωτεῦντα,
540 3951 653 4053 ὥσπερ
670 3954 830 4053 Ἐρέβευς
847 3955 1014 4055 Ἐρέβευς,

299 4143 329 4214 ίε
342 4141 464 4216 Ἐρέβευς
476 4145 573 4218 ἄξοντα
585 4145 648 4203 κῦνα
661 4150 792 4220 στυγεροῦ
804 4143 904 4210 Ἀίδαο.

136 4292 210 4366 ἆιτί
226 4301 288 4368 τοῦ
303 4293 343 4391 ἐξ
357 4295 528 4396 Ἐρέβους.
