<?xml version="1.0" encoding="UTF-8"?>
<!DOCTYPE html PUBLIC "-//W3C//DTD XHTML 1.0 Transitional//EN"
    "http://www.w3.org/TR/xhtml1/DTD/xhtml1-transitional.dtd">
<html xmlns="http://www.w3.org/1999/xhtml" xml:lang="en" lang="en">
 <head>
  <title>
</title>
<meta http-equiv="Content-Type" content="text/html;charset=utf-8" />
  <meta name='ocr-system' content='tesseract 3.04.00' />
  <meta name='ocr-capabilities' content='ocr_page ocr_carea ocr_par ocr_line ocrx_word'/>
</head>
<body>
  <div class='ocr_page' id='page_1' title='image "./georgiichoerobo00choegoog_0019.png"; bbox 0 0 2982 5022; ppageno 0'>
   <div class='ocr_carea' id='block_1_1' title="bbox 357 263 1060 342">
    <p class='ocr_par' dir='ltr' id='par_1_1' title="bbox 357 263 1060 342">
     <span class='ocr_line' id='line_1_1' title="bbox 357 263 1060 342; baseline 0 -14"><span class='ocrx_word' id='word_1_1' title='bbox 357 266 387 328; x_wconf 82' lang='lat' dir='ltr'>iv</span> <span class='ocrx_word' id='word_1_2' title='bbox 758 263 1060 342; x_wconf 78' lang='lat' dir='ltr'><strong>PRAEFATIO.</strong></span> 
     </span>
    </p>
   </div>
   <div class='ocr_carea' id='block_1_2' title="bbox 292 437 1449 3492">
    <p class='ocr_par' dir='ltr' id='par_1_2' title="bbox 292 437 1449 1764">
     <span class='ocr_line' id='line_1_2' title="bbox 358 437 1449 532; baseline 0.002 -24"><span class='ocrx_word' id='word_1_3' title='bbox 358 440 452 509; x_wconf 88' lang='lat' dir='ltr'>niani</span> <span class='ocrx_word' id='word_1_4' title='bbox 470 461 504 508; x_wconf 90' lang='lat' dir='ltr'>n.</span> <span class='ocrx_word' id='word_1_5' title='bbox 528 438 607 532; x_wconf 82' lang='lat'>176,</span> <span class='ocrx_word' id='word_1_6' title='bbox 626 439 720 530; x_wconf 92' lang='lat' dir='ltr'>quod</span> <span class='ocrx_word' id='word_1_7' title='bbox 738 438 808 507; x_wconf 92' lang='lat' dir='ltr'>mei</span> <span class='ocrx_word' id='word_1_8' title='bbox 825 439 940 532; x_wconf 85' lang='lat' dir='ltr'>gratia</span> <span class='ocrx_word' id='word_1_9' title='bbox 957 437 1099 508; x_wconf 90' lang='lat' dir='ltr'>Parisiis</span> <span class='ocrx_word' id='word_1_10' title='bbox 1116 437 1315 508; x_wconf 86' lang='lat' dir='ltr'>faciendum</span> <span class='ocrx_word' id='word_1_11' title='bbox 1334 462 1449 531; x_wconf 87' lang='lat' dir='ltr'>procu·</span> 
     </span>
     <span class='ocr_line' id='line_1_3' title="bbox 358 559 1449 656; baseline 0.002 -26"><span class='ocrx_word' id='word_1_12' title='bbox 358 563 450 630; x_wconf 81' lang='lat' dir='ltr'>ravit</span> <span class='ocrx_word' id='word_1_13' title='bbox 484 561 528 630; x_wconf 84' lang='lat' dir='ltr'>E.</span> <span class='ocrx_word' id='word_1_14' title='bbox 554 559 728 632; x_wconf 86' lang='lat' dir='ltr'>Millerus.</span> <span class='ocrx_word' id='word_1_15' title='bbox 781 559 862 632; x_wconf 87' lang='lat' dir='ltr'>Hoc</span> <span class='ocrx_word' id='word_1_16' title='bbox 889 562 1130 656; x_wconf 72' lang='lat' dir='ltr'>apographum</span> <span class='ocrx_word' id='word_1_17' title='bbox 1159 561 1241 631; x_wconf 92' lang='lat' dir='ltr'>inde</span> <span class='ocrx_word' id='word_1_18' title='bbox 1272 585 1295 631; x_wconf 92' lang='lat' dir='ltr'>a</span> <span class='ocrx_word' id='word_1_19' title='bbox 1323 585 1356 654; x_wconf 91' lang='lat' dir='ltr'>p.</span> <span class='ocrx_word' id='word_1_20' title='bbox 1384 564 1449 656; x_wconf 87' lang='lat'>467</span> 
     </span>
     <span class='ocr_line' id='line_1_4' title="bbox 359 681 1449 778; baseline 0.003 -25"><span class='ocrx_word' id='word_1_21' title='bbox 359 681 463 776; x_wconf 77' lang='lat' dir='ltr'>hans</span> <span class='ocrx_word' id='word_1_22' title='bbox 493 683 658 754; x_wconf 83' lang='lat' dir='ltr'>editionis</span> <span class='ocrx_word' id='word_1_23' title='bbox 691 705 773 756; x_wconf 88' lang='lat' dir='ltr'>oum</span> <span class='ocrx_word' id='word_1_24' title='bbox 807 686 929 756; x_wconf 86' lang='lat' dir='ltr'>codiee</span> <span class='ocrx_word' id='word_1_25' title='bbox 956 683 1171 756; x_wconf 85' lang='lat' dir='ltr'>Baroociano</span> <span class='ocrx_word' id='word_1_26' title='bbox 1204 685 1283 768; x_wconf 89' lang='lat'>116,</span> <span class='ocrx_word' id='word_1_27' title='bbox 1317 687 1354 756; x_wconf 92' lang='lat' dir='ltr'>in</span> <span class='ocrx_word' id='word_1_28' title='bbox 1389 710 1449 778; x_wconf 89' lang='lat' dir='ltr'>qun</span> 
     </span>
     <span class='ocr_line' id='line_1_5' title="bbox 358 807 1449 901; baseline 0.002 -25"><span class='ocrx_word' id='word_1_29' title='bbox 358 809 474 899; x_wconf 81' lang='lat' dir='ltr'>priora</span> <span class='ocrx_word' id='word_1_30' title='bbox 491 808 629 889; x_wconf 89' lang='lat' dir='ltr'>desunt,</span> <span class='ocrx_word' id='word_1_31' title='bbox 643 808 718 900; x_wconf 87' lang='lat' dir='ltr'>ipse</span> <span class='ocrx_word' id='word_1_32' title='bbox 735 807 890 878; x_wconf 86' lang='lat' dir='ltr'>contuli:</span> <span class='ocrx_word' id='word_1_33' title='bbox 909 817 1017 900; x_wconf 89' lang='lat' dir='ltr'>atque</span> <span class='ocrx_word' id='word_1_34' title='bbox 1034 809 1139 899; x_wconf 89' lang='lat' dir='ltr'>hujus</span> <span class='ocrx_word' id='word_1_35' title='bbox 1156 808 1286 879; x_wconf 86' lang='lat' dir='ltr'>codicis</span> <span class='ocrx_word' id='word_1_36' title='bbox 1303 832 1371 901; x_wconf 87' lang='lat' dir='ltr'>ope</span> <span class='ocrx_word' id='word_1_37' title='bbox 1388 833 1449 878; x_wconf 87' lang='lat' dir='ltr'>nou</span> 
     </span>
     <span class='ocr_line' id='line_1_6' title="bbox 359 931 1449 1024; baseline -0.001 -23"><span class='ocrx_word' id='word_1_38' title='bbox 359 931 465 1001; x_wconf 90' lang='lat' dir='ltr'>modo</span> <span class='ocrx_word' id='word_1_39' title='bbox 482 953 595 1023; x_wconf 89' lang='lat' dir='ltr'>pauca</span> <span class='ocrx_word' id='word_1_40' title='bbox 611 954 692 1024; x_wconf 86' lang='lat' dir='ltr'>quae</span> <span class='ocrx_word' id='word_1_41' title='bbox 708 931 746 1000; x_wconf 93' lang='lat' dir='ltr'>in</span> <span class='ocrx_word' id='word_1_42' title='bbox 763 931 875 1004; x_wconf 87' lang='lat' dir='ltr'>altero</span> <span class='ocrx_word' id='word_1_43' title='bbox 893 933 1135 1002; x_wconf 79' lang='lat' dir='ltr'>desiderantur</span> <span class='ocrx_word' id='word_1_44' title='bbox 1151 931 1323 1024; x_wconf 90' lang='lat' dir='ltr'>supplere,</span> <span class='ocrx_word' id='word_1_45' title='bbox 1341 934 1402 1003; x_wconf 92' lang='lat' dir='ltr'>sed</span> <span class='ocrx_word' id='word_1_46' title='bbox 1419 941 1449 1002; x_wconf 90' lang='lat' dir='ltr'>et</span> 
     </span>
     <span class='ocr_line' id='line_1_7' title="bbox 359 1053 1449 1146; baseline -0.001 -22"><span class='ocrx_word' id='word_1_47' title='bbox 359 1054 493 1146; x_wconf 86' lang='lat' dir='ltr'>reliqua</span> <span class='ocrx_word' id='word_1_48' title='bbox 518 1053 678 1124; x_wconf 91' lang='lat' dir='ltr'>nonnihil</span> <span class='ocrx_word' id='word_1_49' title='bbox 702 1055 943 1125; x_wconf 78' lang='lat' dir='ltr'>emendatiora</span> <span class='ocrx_word' id='word_1_50' title='bbox 964 1054 1120 1146; x_wconf 86' lang='lat' dir='ltr'>proferre</span> <span class='ocrx_word' id='word_1_51' title='bbox 1142 1054 1253 1145; x_wconf 87' lang='lat' dir='ltr'>potui.</span> <span class='ocrx_word' id='word_1_52' title='bbox 1297 1053 1449 1146; x_wconf 85' lang='lat' dir='ltr'>Uterque</span> 
     </span>
     <span class='ocr_line' id='line_1_8' title="bbox 359 1176 1449 1270; baseline 0 -24"><span class='ocrx_word' id='word_1_53' title='bbox 359 1199 442 1248; x_wconf 89' lang='lat' dir='ltr'>vero</span> <span class='ocrx_word' id='word_1_54' title='bbox 459 1178 573 1247; x_wconf 84' lang='lat' dir='ltr'>codex</span> <span class='ocrx_word' id='word_1_55' title='bbox 597 1177 803 1270; x_wconf 86' lang='lat' dir='ltr'>corruptelis</span> <span class='ocrx_word' id='word_1_56' title='bbox 823 1185 954 1248; x_wconf 87' lang='lat' dir='ltr'>scatet:</span> <span class='ocrx_word' id='word_1_57' title='bbox 983 1199 1132 1269; x_wconf 89' lang='lat' dir='ltr'>quarum</span> <span class='ocrx_word' id='word_1_58' title='bbox 1158 1176 1355 1259; x_wconf 79' lang='lat' dir='ltr'>nonnullae,</span> <span class='ocrx_word' id='word_1_59' title='bbox 1381 1200 1449 1246; x_wconf 88' lang='lat' dir='ltr'>cur·</span> 
     </span>
     <span class='ocr_line' id='line_1_9' title="bbox 359 1301 1449 1394; baseline -0.002 -22"><span class='ocrx_word' id='word_1_60' title='bbox 359 1310 459 1372; x_wconf 89' lang='lat' dir='ltr'>rente</span> <span class='ocrx_word' id='word_1_61' title='bbox 472 1301 580 1394; x_wconf 88' lang='lat' dir='ltr'>prelo,</span> <span class='ocrx_word' id='word_1_62' title='bbox 595 1301 731 1385; x_wconf 78' lang='lat' dir='ltr'>sustuli,</span> <span class='ocrx_word' id='word_1_63' title='bbox 742 1311 847 1372; x_wconf 87' lang='lat' dir='ltr'>cauto</span> <span class='ocrx_word' id='word_1_64' title='bbox 861 1309 990 1383; x_wconf 88' lang='lat' dir='ltr'>tamen,</span> <span class='ocrx_word' id='word_1_65' title='bbox 1002 1311 1044 1370; x_wconf 91' lang='lat' dir='ltr'>ut</span> <span class='ocrx_word' id='word_1_66' title='bbox 1055 1301 1350 1373; x_wconf 83' lang='lat' dir='ltr'>eorrectiunculas</span> <span class='ocrx_word' id='word_1_67' title='bbox 1362 1323 1449 1371; x_wconf 81' lang='lat' dir='ltr'>meas</span> 
     </span>
     <span class='ocr_line' id='line_1_10' title="bbox 359 1423 1449 1518; baseline -0.003 -21"><span class='ocrx_word' id='word_1_68' title='bbox 359 1448 497 1518; x_wconf 90' lang='lat' dir='ltr'>semper</span> <span class='ocrx_word' id='word_1_69' title='bbox 514 1427 587 1496; x_wconf 83' lang='lat' dir='ltr'>fere</span> <span class='ocrx_word' id='word_1_70' title='bbox 604 1423 736 1496; x_wconf 89' lang='lat' dir='ltr'>lunulis</span> <span class='ocrx_word' id='word_1_71' title='bbox 760 1425 1037 1498; x_wconf 86' lang='lat' dir='ltr'>circumdarem:</span> <span class='ocrx_word' id='word_1_72' title='bbox 1064 1425 1125 1494; x_wconf 88' lang='lat' dir='ltr'>sed</span> <span class='ocrx_word' id='word_1_73' title='bbox 1151 1423 1282 1495; x_wconf 84' lang='lat' dir='ltr'>multas</span> <span class='ocrx_word' id='word_1_74' title='bbox 1307 1425 1449 1496; x_wconf 82' lang='lat' dir='ltr'>intactas</span> 
     </span>
     <span class='ocr_line' id='line_1_11' title="bbox 358 1546 1449 1640; baseline -0.003 -22"><span class='ocrx_word' id='word_1_75' title='bbox 358 1547 495 1640; x_wconf 86' lang='lat' dir='ltr'>reliqui,</span> <span class='ocrx_word' id='word_1_76' title='bbox 510 1547 696 1618; x_wconf 87' lang='lat' dir='ltr'>meliorum</span> <span class='ocrx_word' id='word_1_77' title='bbox 714 1547 957 1640; x_wconf 83' lang='lat' dir='ltr'>exemplorum</span> <span class='ocrx_word' id='word_1_78' title='bbox 975 1547 1188 1618; x_wconf 83' lang='lat' dir='ltr'>auctoritate</span> <span class='ocrx_word' id='word_1_79' title='bbox 1205 1546 1402 1638; x_wconf 79' lang='lat' dir='ltr'>aliquando,</span> <span class='ocrx_word' id='word_1_80' title='bbox 1415 1555 1449 1614; x_wconf 90' lang='lat' dir='ltr'>ut</span> 
     </span>
     <span class='ocr_line' id='line_1_12' title="bbox 292 1667 928 1764; baseline -0.003 -22"><span class='ocrx_word' id='word_1_81' title='bbox 292 1667 302 1686; x_wconf 63' lang='lat'>⁸</span> <span class='ocrx_word' id='word_1_82' title='bbox 358 1670 570 1764; x_wconf 89' lang='lat' dir='ltr'>sperandum</span> <span class='ocrx_word' id='word_1_83' title='bbox 587 1679 653 1753; x_wconf 84' lang='lat' dir='ltr'>est,</span> <span class='ocrx_word' id='word_1_84' title='bbox 671 1670 928 1742; x_wconf 77' lang='lat' dir='ltr'>emaculandae.</span> 
     </span>
    </p>

    <p class='ocr_par' dir='ltr' id='par_1_3' title="bbox 359 1791 1449 2008">
     <span class='ocr_line' id='line_1_13' title="bbox 410 1791 1449 1888; baseline -0.002 -26"><span class='ocrx_word' id='word_1_85' title='bbox 410 1791 661 1884; x_wconf 88' lang='lat' dir='ltr'>Epimerismos</span> <span class='ocrx_word' id='word_1_86' title='bbox 678 1793 715 1862; x_wconf 92' lang='lat' dir='ltr'>in</span> <span class='ocrx_word' id='word_1_87' title='bbox 733 1791 904 1876; x_wconf 89' lang='lat' dir='ltr'>Psalmos,</span> <span class='ocrx_word' id='word_1_88' title='bbox 921 1815 942 1862; x_wconf 89' lang='lat' dir='ltr'>o</span> <span class='ocrx_word' id='word_1_89' title='bbox 959 1792 1081 1863; x_wconf 87' lang='lat' dir='ltr'>codice</span> <span class='ocrx_word' id='word_1_90' title='bbox 1093 1791 1280 1862; x_wconf 89' lang='lat' dir='ltr'>Parisieusi</span> <span class='ocrx_word' id='word_1_91' title='bbox 1297 1814 1333 1862; x_wconf 88' lang='lat' dir='ltr'>n.</span> <span class='ocrx_word' id='word_1_92' title='bbox 1349 1811 1394 1888; x_wconf 77' lang='lat'>27</span> <span class='ocrx_word' id='word_1_93' title='bbox 1397 1791 1449 1884; x_wconf 84' lang='lat'>56,</span> 
     </span>
     <span class='ocr_line' id='line_1_14' title="bbox 359 1915 1070 2008; baseline 0 -23"><span class='ocrx_word' id='word_1_94' title='bbox 359 1925 397 1985; x_wconf 90' lang='lat' dir='ltr'>et</span> <span class='ocrx_word' id='word_1_95' title='bbox 413 1915 482 1986; x_wconf 89' lang='lat' dir='ltr'>hoe</span> <span class='ocrx_word' id='word_1_96' title='bbox 499 1917 593 1988; x_wconf 87' lang='lat' dir='ltr'>vitiis</span> <span class='ocrx_word' id='word_1_97' title='bbox 608 1917 738 2008; x_wconf 83' lang='lat' dir='ltr'>passim</span> <span class='ocrx_word' id='word_1_98' title='bbox 756 1917 881 2000; x_wconf 84' lang='lat' dir='ltr'>obsito,</span> <span class='ocrx_word' id='word_1_99' title='bbox 899 1917 1070 1990; x_wconf 87' lang='lat' dir='ltr'>dedimus.</span> 
     </span>
    </p>

    <p class='ocr_par' dir='ltr' id='par_1_4' title="bbox 359 2039 1449 3365">
     <span class='ocr_line' id='line_1_15' title="bbox 409 2039 1449 2132; baseline 0 -22"><span class='ocrx_word' id='word_1_100' title='bbox 409 2039 613 2131; x_wconf 90' lang='lat' dir='ltr'>Utrumque</span> <span class='ocrx_word' id='word_1_101' title='bbox 636 2039 863 2112; x_wconf 86' lang='lat' dir='ltr'>Choerobosoi</span> <span class='ocrx_word' id='word_1_102' title='bbox 887 2062 976 2132; x_wconf 86' lang='lat' dir='ltr'>opus</span> <span class='ocrx_word' id='word_1_103' title='bbox 1004 2041 1167 2112; x_wconf 85' lang='lat' dir='ltr'>adhibuit</span> <span class='ocrx_word' id='word_1_104' title='bbox 1191 2051 1229 2113; x_wconf 86' lang='lat' dir='ltr'>et</span> <span class='ocrx_word' id='word_1_105' title='bbox 1254 2043 1292 2111; x_wconf 88' lang='lat' dir='ltr'>in</span> <span class='ocrx_word' id='word_1_106' title='bbox 1315 2041 1449 2112; x_wconf 88' lang='lat' dir='ltr'>ordines</span> 
     </span>
     <span class='ocr_line' id='line_1_16' title="bbox 359 2161 1449 2258; baseline 0.003 -25"><span class='ocrx_word' id='word_1_107' title='bbox 359 2163 476 2256; x_wconf 75' lang='lat' dir='ltr'>coligit</span> <span class='ocrx_word' id='word_1_108' title='bbox 500 2162 677 2234; x_wconf 86' lang='lat' dir='ltr'>utilissimi</span> <span class='ocrx_word' id='word_1_109' title='bbox 700 2161 823 2233; x_wconf 82' lang='lat' dir='ltr'>Lexioi</span> <span class='ocrx_word' id='word_1_110' title='bbox 851 2163 979 2246; x_wconf 84' lang='lat' dir='ltr'>Graeci,</span> <span class='ocrx_word' id='word_1_111' title='bbox 998 2166 1091 2256; x_wconf 87' lang='lat' dir='ltr'>quod</span> <span class='ocrx_word' id='word_1_112' title='bbox 1111 2165 1216 2258; x_wconf 81' lang='lat' dir='ltr'>vulgo</span> <span class='ocrx_word' id='word_1_113' title='bbox 1234 2165 1449 2258; x_wconf 78' lang='lat' dir='ltr'>Etymologi·</span> 
     </span>
     <span class='ocr_line' id='line_1_17' title="bbox 359 2285 1449 2381; baseline 0.002 -25"><span class='ocrx_word' id='word_1_114' title='bbox 359 2309 427 2356; x_wconf 89' lang='lat' dir='ltr'>oon</span> <span class='ocrx_word' id='word_1_115' title='bbox 445 2285 620 2379; x_wconf 82' lang='lat' dir='ltr'>Magnum</span> <span class='ocrx_word' id='word_1_116' title='bbox 639 2295 776 2368; x_wconf 84' lang='lat' dir='ltr'>vooaut,</span> <span class='ocrx_word' id='word_1_117' title='bbox 794 2289 1062 2370; x_wconf 82' lang='lat' dir='ltr'>consarcinator,</span> <span class='ocrx_word' id='word_1_118' title='bbox 1080 2290 1210 2358; x_wconf 87' lang='lat' dir='ltr'>exinde</span> <span class='ocrx_word' id='word_1_119' title='bbox 1235 2288 1394 2381; x_wconf 88' lang='lat' dir='ltr'>pluribus</span> <span class='ocrx_word' id='word_1_120' title='bbox 1418 2289 1449 2358; x_wconf 92' lang='lat' dir='ltr'>in</span> 
     </span>
     <span class='ocr_line' id='line_1_18' title="bbox 360 2407 1449 2505; baseline 0 -27"><span class='ocrx_word' id='word_1_121' title='bbox 360 2409 445 2480; x_wconf 89' lang='lat' dir='ltr'>locis</span> <span class='ocrx_word' id='word_1_122' title='bbox 461 2409 671 2479; x_wconf 87' lang='lat' dir='ltr'>emendandi</span> <span class='ocrx_word' id='word_1_123' title='bbox 689 2417 726 2477; x_wconf 90' lang='lat' dir='ltr'>et</span> <span class='ocrx_word' id='word_1_124' title='bbox 743 2407 952 2480; x_wconf 88' lang='lat' dir='ltr'>illustrandi.</span> <span class='ocrx_word' id='word_1_125' title='bbox 1005 2409 1135 2501; x_wconf 90' lang='lat' dir='ltr'>Neque</span> <span class='ocrx_word' id='word_1_126' title='bbox 1159 2411 1322 2505; x_wconf 84' lang='lat' dir='ltr'>ignotum</span> <span class='ocrx_word' id='word_1_127' title='bbox 1344 2411 1449 2482; x_wconf 90' lang='lat' dir='ltr'>habu-</span> 
     </span>
     <span class='ocr_line' id='line_1_19' title="bbox 360 2533 1447 2627; baseline -0.001 -24"><span class='ocrx_word' id='word_1_128' title='bbox 360 2541 464 2604; x_wconf 90' lang='lat' dir='ltr'>eruut</span> <span class='ocrx_word' id='word_1_129' title='bbox 480 2534 693 2603; x_wconf 87' lang='lat' dir='ltr'>recentiores</span> <span class='ocrx_word' id='word_1_130' title='bbox 709 2533 760 2601; x_wconf 90' lang='lat' dir='ltr'>rei</span> <span class='ocrx_word' id='word_1_131' title='bbox 777 2533 1019 2626; x_wconf 74' lang='lat' dir='ltr'>grammatica²</span> <span class='ocrx_word' id='word_1_132' title='bbox 1033 2535 1229 2627; x_wconf 83' lang='lat' dir='ltr'>scriptores,</span> <span class='ocrx_word' id='word_1_133' title='bbox 1241 2534 1352 2606; x_wconf 87' lang='lat' dir='ltr'>veluti</span> <span class='ocrx_word' id='word_1_134' title='bbox 1364 2535 1447 2605; x_wconf 88' lang='lat' dir='ltr'>Con·</span> 
     </span>
     <span class='ocr_line' id='line_1_20' title="bbox 359 2655 1446 2750; baseline -0.001 -25"><span class='ocrx_word' id='word_1_135' title='bbox 359 2657 534 2726; x_wconf 88' lang='lat' dir='ltr'>stautinus</span> <span class='ocrx_word' id='word_1_136' title='bbox 553 2655 720 2736; x_wconf 75' lang='lat' dir='ltr'>Lascaria</span> <span class='ocrx_word' id='word_1_137' title='bbox 738 2655 798 2746; x_wconf 93' lang='lat' dir='ltr'>qui</span> <span class='ocrx_word' id='word_1_138' title='bbox 815 2655 930 2726; x_wconf 86' lang='lat' dir='ltr'>multa</span> <span class='ocrx_word' id='word_1_139' title='bbox 946 2655 1074 2726; x_wconf 89' lang='lat' dir='ltr'>dehine</span> <span class='ocrx_word' id='word_1_140' title='bbox 1091 2679 1128 2727; x_wconf 90' lang='lat' dir='ltr'>se</span> <span class='ocrx_word' id='word_1_141' title='bbox 1145 2657 1333 2750; x_wconf 87' lang='lat' dir='ltr'>sumpsisse</span> <span class='ocrx_word' id='word_1_142' title='bbox 1351 2655 1446 2728; x_wconf 69' lang='lat' dir='ltr'>confi«</span> 
     </span>
     <span class='ocr_line' id='line_1_21' title="bbox 361 2777 1444 2876; baseline -0.002 -26"><span class='ocrx_word' id='word_1_143' title='bbox 361 2787 457 2850; x_wconf 84' lang='lat' dir='ltr'>tetur</span> <span class='ocrx_word' id='word_1_144' title='bbox 481 2779 518 2848; x_wconf 92' lang='lat' dir='ltr'>in</span> <span class='ocrx_word' id='word_1_145' title='bbox 544 2779 633 2848; x_wconf 89' lang='lat' dir='ltr'>libro</span> <span class='ocrx_word' id='word_1_146' title='bbox 650 2777 707 2849; x_wconf 82' lang='lat' dir='ltr'>Do</span> <span class='ocrx_word' id='word_1_147' title='bbox 723 2788 796 2850; x_wconf 84' lang='lat' dir='ltr'>octo</span> <span class='ocrx_word' id='word_1_148' title='bbox 816 2777 976 2873; x_wconf 63' lang='lat' dir='ltr'>partibus</span> <span class='ocrx_word' id='word_1_149' title='bbox 997 2779 1175 2864; x_wconf 71' lang='lat' dir='ltr'>orationis,</span> <span class='ocrx_word' id='word_1_150' title='bbox 1193 2789 1264 2864; x_wconf 73' lang='lat' dir='ltr'>eto,</span> <span class='ocrx_word' id='word_1_151' title='bbox 1282 2803 1317 2872; x_wconf 82' lang='lat' dir='ltr'>p.</span> <span class='ocrx_word' id='word_1_152' title='bbox 1336 2805 1405 2876; x_wconf 89' lang='lat'>199</span> <span class='ocrx_word' id='word_1_153' title='bbox 1421 2779 1444 2848; x_wconf 62' lang='lat' dir='ltr'>b,</span> 
     </span>
     <span class='ocr_line' id='line_1_22' title="bbox 361 2903 1443 2996; baseline -0.005 -22"><span class='ocrx_word' id='word_1_154' title='bbox 361 2904 416 2974; x_wconf 89' lang='lat' dir='ltr'>ed.</span> <span class='ocrx_word' id='word_1_155' title='bbox 434 2903 519 2974; x_wconf 91' lang='lat' dir='ltr'>Ald.</span> <span class='ocrx_word' id='word_1_156' title='bbox 543 2922 646 2996; x_wconf 76' lang='lat'>1512.</span> <span class='ocrx_word' id='word_1_157' title='bbox 686 2903 744 2973; x_wconf 84' lang='lat' dir='ltr'>Eo</span> <span class='ocrx_word' id='word_1_158' title='bbox 758 2925 902 2996; x_wconf 89' lang='lat' dir='ltr'>quoque</span> <span class='ocrx_word' id='word_1_159' title='bbox 919 2925 1002 2972; x_wconf 87' lang='lat' dir='ltr'>usus</span> <span class='ocrx_word' id='word_1_160' title='bbox 1020 2904 1160 2974; x_wconf 79' lang='lat' dir='ltr'>videtur</span> <span class='ocrx_word' id='word_1_161' title='bbox 1177 2903 1400 2986; x_wconf 82' lang='lat' dir='ltr'>Eustathius,</span> <span class='ocrx_word' id='word_1_162' title='bbox 1416 2909 1443 2971; x_wconf 85' lang='lat' dir='ltr'>ut</span> 
     </span>
     <span class='ocr_line' id='line_1_23' title="bbox 362 3025 1441 3119; baseline -0.003 -23"><span class='ocrx_word' id='word_1_163' title='bbox 362 3027 625 3096; x_wconf 75' lang='lat' dir='ltr'>conmlentibus</span> <span class='ocrx_word' id='word_1_164' title='bbox 654 3027 806 3096; x_wconf 90' lang='lat' dir='ltr'>iudicem</span> <span class='ocrx_word' id='word_1_165' title='bbox 834 3025 1079 3094; x_wconf 88' lang='lat' dir='ltr'>Fabricianum</span> <span class='ocrx_word' id='word_1_166' title='bbox 1109 3027 1255 3119; x_wconf 91' lang='lat' dir='ltr'>patebit.</span> <span class='ocrx_word' id='word_1_167' title='bbox 1328 3027 1441 3097; x_wconf 88' lang='lat' dir='ltr'>Locus</span> 
     </span>
     <span class='ocr_line' id='line_1_24' title="bbox 362 3149 1439 3242; baseline -0.002 -22"><span class='ocrx_word' id='word_1_168' title='bbox 362 3174 467 3242; x_wconf 89' lang='lat' dir='ltr'>quem</span> <span class='ocrx_word' id='word_1_169' title='bbox 479 3153 566 3220; x_wconf 85' lang='lat' dir='ltr'>uitat</span> <span class='ocrx_word' id='word_1_170' title='bbox 578 3151 749 3242; x_wconf 86' lang='lat' dir='ltr'>Stephani</span> <span class='ocrx_word' id='word_1_171' title='bbox 762 3150 948 3242; x_wconf 78' lang='lat' dir='ltr'>Byzantini</span> <span class='ocrx_word' id='word_1_172' title='bbox 963 3149 1176 3242; x_wconf 87' lang='lat' dir='ltr'>epitomator</span> <span class='ocrx_word' id='word_1_173' title='bbox 1188 3151 1224 3220; x_wconf 93' lang='lat' dir='ltr'>in</span> <span class='ocrx_word' id='word_1_174' title='bbox 1239 3174 1270 3220; x_wconf 88' lang='lat' dir='ltr'>v.</span> <span class='ocrx_word' id='word_1_175' title='bbox 1283 3149 1439 3232; x_wconf 71' lang='lat' dir='ltr'>Tentata</span> 
     </span>
     <span class='ocr_line' id='line_1_25' title="bbox 360 3271 1222 3365; baseline 0 -22"><span class='ocrx_word' id='word_1_176' title='bbox 360 3275 479 3344; x_wconf 85' lang='lat' dir='ltr'>neseio</span> <span class='ocrx_word' id='word_1_177' title='bbox 496 3297 541 3343; x_wconf 90' lang='lat' dir='ltr'>an</span> <span class='ocrx_word' id='word_1_178' title='bbox 558 3281 677 3343; x_wconf 85' lang='lat' dir='ltr'>exstet</span> <span class='ocrx_word' id='word_1_179' title='bbox 695 3273 786 3342; x_wconf 84' lang='lat' dir='ltr'>infra</span> <span class='ocrx_word' id='word_1_180' title='bbox 803 3295 838 3364; x_wconf 83' lang='lat' dir='ltr'>p.</span> <span class='ocrx_word' id='word_1_181' title='bbox 857 3273 916 3363; x_wconf 85' lang='lat'>56,</span> <span class='ocrx_word' id='word_1_182' title='bbox 934 3289 993 3365; x_wconf 87' lang='lat'>35,</span> <span class='ocrx_word' id='word_1_183' title='bbox 1012 3271 1068 3340; x_wconf 86' lang='lat' dir='ltr'>vel</span> <span class='ocrx_word' id='word_1_184' title='bbox 1092 3271 1170 3354; x_wconf 92' lang='lat'>188,</span> <span class='ocrx_word' id='word_1_185' title='bbox 1188 3290 1222 3364; x_wconf 86' lang='lat'>5.</span> 
     </span>
    </p>

    <p class='ocr_par' dir='ltr' id='par_1_5' title="bbox 411 3389 1437 3492">
     <span class='ocr_line' id='line_1_26' title="bbox 411 3393 1436 3492; baseline 0 -26"><span class='ocrx_word' id='word_1_186' title='bbox 411 3395 496 3466; x_wconf 86' lang='lat' dir='ltr'>Alia</span> <span class='ocrx_word' id='word_1_187' title='bbox 528 3395 604 3487; x_wconf 84' lang='lat' dir='ltr'>ejus</span> <span class='ocrx_word' id='word_1_188' title='bbox 637 3417 742 3486; x_wconf 88' lang='lat' dir='ltr'>opera</span> <span class='ocrx_word' id='word_1_189' title='bbox 775 3395 930 3464; x_wconf 84' lang='lat' dir='ltr'>citantur</span> <span class='ocrx_word' id='word_1_190' title='bbox 963 3393 1075 3464; x_wconf 79' lang='lat' dir='ltr'>inira:</span> <span class='ocrx_word' id='word_1_191' title='bbox 1112 3394 1187 3464; x_wconf 86' lang='lat' dir='ltr'>soil.</span> <span class='ocrx_word' id='word_1_192' title='bbox 1221 3394 1295 3490; x_wconf 75' lang='grc' dir='ltr'>περὶ</span> <span class='ocrx_word' id='word_1_193' title='bbox 1331 3394 1436 3492; x_wconf 60' lang='grc' dir='ltr'><strong><em>ἄρθρη</em></strong></span> 
     </span>
    </p>
   </div>
   <div class='ocr_carea' id='block_1_3' title="bbox 360 3639 1430 4106">
    <p class='ocr_par' dir='ltr' id='par_1_6' title="bbox 360 3639 1430 4106">
     <span class='ocr_line' id='line_1_27' title="bbox 360 3639 1424 3738; baseline 0.002 -28"><span class='ocrx_word' id='word_1_194' title='bbox 360 3641 436 3736; x_wconf 81' lang='grc' dir='ltr'>περὶ</span> <span class='ocrx_word' id='word_1_195' title='bbox 467 3639 652 3736; x_wconf 77' lang='grc' dir='ltr'>προθέσεως</span> <span class='ocrx_word' id='word_1_196' title='bbox 672 3662 708 3731; x_wconf 87' lang='lat' dir='ltr'>p.</span> <span class='ocrx_word' id='word_1_197' title='bbox 732 3639 811 3733; x_wconf 89' lang='lat'>176,</span> <span class='ocrx_word' id='word_1_198' title='bbox 834 3663 887 3709; x_wconf 68' lang='grc' dir='ltr'>ιι.</span> <span class='ocrx_word' id='word_1_199' title='bbox 915 3659 999 3733; x_wconf 79' lang='lat'>523,</span> <span class='ocrx_word' id='word_1_200' title='bbox 1016 3660 1051 3728; x_wconf 89' lang='lat'>4.</span> <span class='ocrx_word' id='word_1_201' title='bbox 1077 3641 1294 3737; x_wconf 80' lang='grc' dir='ltr'><em>ὀρθογραφῖα</em></span> <span class='ocrx_word' id='word_1_202' title='bbox 1321 3666 1355 3736; x_wconf 90' lang='lat' dir='ltr'>p.</span> <span class='ocrx_word' id='word_1_203' title='bbox 1382 3667 1424 3738; x_wconf 89' lang='lat'>19</span> 
     </span>
     <span class='ocr_line' id='line_1_28' title="bbox 364 3761 1360 3861; baseline 0.002 -27"><span class='ocrx_word' id='word_1_204' title='bbox 364 3788 421 3835; x_wconf 82' lang='lat'>22.</span> <span class='ocrx_word' id='word_1_205' title='bbox 450 3764 534 3857; x_wconf 89' lang='lat'>851,</span> <span class='ocrx_word' id='word_1_206' title='bbox 554 3781 612 3857; x_wconf 82' lang='lat'>25.</span> <span class='ocrx_word' id='word_1_207' title='bbox 638 3761 870 3858; x_wconf 81' lang='grc' dir='ltr'>προλεγόμενα</span> <span class='ocrx_word' id='word_1_208' title='bbox 896 3763 1127 3858; x_wconf 78' lang='grc' dir='ltr'><em>ὀρθογραφῖας</em></span> <span class='ocrx_word' id='word_1_209' title='bbox 1144 3787 1178 3858; x_wconf 84' lang='lat' dir='ltr'>p.</span> <span class='ocrx_word' id='word_1_210' title='bbox 1198 3765 1282 3854; x_wconf 85' lang='lat'>648,</span> <span class='ocrx_word' id='word_1_211' title='bbox 1300 3790 1360 3861; x_wconf 83' lang='lat'>32.</span> 
     </span>
     <span class='ocr_line' id='line_1_29' title="bbox 360 3869 1430 3981; baseline 0.005 -23"><span class='ocrx_word' id='word_1_212' title='bbox 360 3891 517 3970; x_wconf 78' lang='grc' dir='ltr'>κτητικῶν</span> <span class='ocrx_word' id='word_1_213' title='bbox 542 3886 701 3980; x_wconf 83' lang='lat' dir='ltr'>Etymoi.</span> <span class='ocrx_word' id='word_1_214' title='bbox 723 3887 778 3956; x_wconf 94' lang='grc' dir='ltr'>Μ.</span> <span class='ocrx_word' id='word_1_215' title='bbox 796 3909 829 3977; x_wconf 88' lang='lat' dir='ltr'>p.</span> <span class='ocrx_word' id='word_1_216' title='bbox 849 3909 931 3980; x_wconf 85' lang='lat'>230,</span> <span class='ocrx_word' id='word_1_217' title='bbox 955 3907 1009 3976; x_wconf 85' lang='lat'>14</span> <span class='ocrx_word' id='word_1_218' title='bbox 1035 3896 1072 3956; x_wconf 92' lang='lat' dir='ltr'>et</span> <span class='ocrx_word' id='word_1_219' title='bbox 1098 3887 1209 3958; x_wconf 89' lang='lat' dir='ltr'>alde</span> <span class='ocrx_word' id='word_1_220' title='bbox 1235 3891 1365 3981; x_wconf 87' lang='lat' dir='ltr'>quibus</span> <span class='ocrx_word' id='word_1_221' title='bbox 1429 3869 1430 3872; x_wconf 8' lang='grc' dir='ltr'><strong>Ἴ</strong></span> 
     </span>
     <span class='ocr_line' id='line_1_30' title="bbox 361 4005 1401 4106; baseline -0.003 -25"><span class='ocrx_word' id='word_1_222' title='bbox 361 4013 432 4081; x_wconf 88' lang='lat' dir='ltr'>lnd.</span> <span class='ocrx_word' id='word_1_223' title='bbox 458 4008 610 4104; x_wconf 73' lang='grc' dir='ltr'>ἐξήγησις</span> <span class='ocrx_word' id='word_1_224' title='bbox 626 4011 670 4084; x_wconf 75' lang='lat' dir='ltr'>sic</span> <span class='ocrx_word' id='word_1_225' title='bbox 680 4005 885 4104; x_wconf 78' lang='lat' dir='ltr'>‘Hpmdtavdv</span> <span class='ocrx_word' id='word_1_226' title='bbox 902 4007 1066 4078; x_wconf 75' lang='lat' dir='ltr'>Eustath.</span> <span class='ocrx_word' id='word_1_227' title='bbox 1082 4009 1125 4080; x_wconf 85' lang='lat' dir='ltr'>Il.</span> <span class='ocrx_word' id='word_1_228' title='bbox 1140 4009 1188 4096; x_wconf 76' lang='grc' dir='ltr'>β’.</span> <span class='ocrx_word' id='word_1_229' title='bbox 1201 4034 1235 4103; x_wconf 85' lang='lat' dir='ltr'>p.</span> <span class='ocrx_word' id='word_1_230' title='bbox 1248 4013 1295 4106; x_wconf 82' lang='grc'>36</span> <span class='ocrx_word' id='word_1_231' title='bbox 1298 4031 1319 4104; x_wconf 81' lang='lat'><em>5</em></span> <span class='ocrx_word' id='word_1_232' title='bbox 1334 4037 1401 4102; x_wconf 77' lang='lat'>:4</span> 
     </span>
    </p>
   </div>
   <div class='ocr_carea' id='block_1_4' title="bbox 361 4131 968 4227">
    <p class='ocr_par' dir='ltr' id='par_1_7' title="bbox 361 4131 968 4227">
     <span class='ocr_line' id='line_1_31' title="bbox 361 4131 968 4227; baseline -0.012 1"><span class='ocrx_word' id='word_1_233' title='bbox 361 4157 421 4227; x_wconf 86' lang='lat'>43·</span> <span class='ocrx_word' id='word_1_234' title='bbox 458 4133 526 4204; x_wconf 77' lang='lat' dir='ltr'>Od·</span> <span class='ocrx_word' id='word_1_235' title='bbox 545 4131 586 4202; x_wconf 61' lang='grc' dir='ltr'>θ’·</span> <span class='ocrx_word' id='word_1_236' title='bbox 605 4157 638 4225; x_wconf 81' lang='lat' dir='ltr'>r·</span> <span class='ocrx_word' id='word_1_237' title='bbox 662 4149 890 4226; x_wconf 82' lang='lat' dir='ltr'>1599=31a</span> <span class='ocrx_word' id='word_1_238' title='bbox 914 4155 968 4202; x_wconf 88' lang='lat'>10·</span> 
     </span>
    </p>
   </div>
   <div class='ocr_carea' id='block_1_5' title="bbox 360 3503 1435 3869">
    <p class='ocr_par' dir='ltr' id='par_1_8' title="bbox 360 3503 1435 3869">
     <span class='ocr_line' id='line_1_32' title="bbox 360 3503 1435 3869; baseline 0.028 -283"><span class='ocrx_word' id='word_1_239' title='bbox 360 3543 395 3612; x_wconf 90' lang='lat' dir='ltr'>p.</span> <span class='ocrx_word' id='word_1_240' title='bbox 419 3543 497 3601; x_wconf 91' lang='lat'>110,</span> <span class='ocrx_word' id='word_1_241' title='bbox 517 3537 550 3613; x_wconf 83' lang='lat'>7.</span> <span class='ocrx_word' id='word_1_242' title='bbox 575 3517 650 3612; x_wconf 74' lang='grc' dir='ltr'>περὶ</span> <span class='ocrx_word' id='word_1_243' title='bbox 669 3516 868 3599; x_wconf 49' lang='lat' dir='ltr'>&amp;avennis</span> <span class='ocrx_word' id='word_1_244' title='bbox 885 3539 918 3610; x_wconf 90' lang='lat' dir='ltr'>P·</span> <span class='ocrx_word' id='word_1_245' title='bbox 939 3517 1023 3601; x_wconf 76' lang='lat'>208,</span> <span class='ocrx_word' id='word_1_246' title='bbox 1038 3539 1092 3586; x_wconf 84' lang='lat'>1¹·</span> <span class='ocrx_word' id='word_1_247' title='bbox 1117 3517 1202 3612; x_wconf 88' lang='lat'>478,</span> <span class='ocrx_word' id='word_1_248' title='bbox 1217 3541 1271 3612; x_wconf 85' lang='lat'>3¹·</span> <span class='ocrx_word' id='word_1_249' title='bbox 1299 3503 1435 3869; x_wconf 51' lang='lat'>8392]</span> 
     </span>
    </p>
   </div>
   <div class='ocr_carea' id='block_1_6' title="bbox 0 0 1501 5022">
    <p class='ocr_par' dir='ltr' id='par_1_9' title="bbox 0 0 1501 5022">
     <span class='ocr_line' id='line_1_33' title="bbox 0 0 1501 5022; baseline 0 0"><span class='ocrx_word' id='word_1_250' title='bbox 0 0 1501 5022; x_wconf 95' lang='lat' dir='ltr'> </span> 
     </span>
    </p>
   </div>
  </div>
 </body>
</html>
