<?xml version="1.0" encoding="UTF-8"?>
<!DOCTYPE html PUBLIC "-//W3C//DTD XHTML 1.0 Transitional//EN"
    "http://www.w3.org/TR/xhtml1/DTD/xhtml1-transitional.dtd">
<html xmlns="http://www.w3.org/1999/xhtml" xml:lang="en" lang="en">
 <head>
  <title>
</title>
<meta http-equiv="Content-Type" content="text/html;charset=utf-8" />
  <meta name='ocr-system' content='tesseract 3.04.00' />
  <meta name='ocr-capabilities' content='ocr_page ocr_carea ocr_par ocr_line ocrx_word'/>
</head>
<body>
  <div class='ocr_page' id='page_1' title='image "./georgiichoerobo00choegoog/georgiichoerobo00choegoog_0496.png"; bbox 0 0 2972 5014; ppageno 0'>
   <div class='ocr_carea' id='block_1_1' title="bbox 397 329 1179 407">
    <p class='ocr_par' dir='ltr' id='par_1_1' title="bbox 397 329 1179 407">
     <span class='ocr_line' id='line_1_1' title="bbox 397 329 1179 407; baseline 0.009 -17"><span class='ocrx_word' id='word_1_1' title='bbox 397 331 464 392; x_wconf 85' lang='grc' dir='ltr'>ΕΙΣ</span> <span class='ocrx_word' id='word_1_2' title='bbox 484 331 541 393; x_wconf 87' lang='grc' dir='ltr'>ΤΟ</span> <span class='ocrx_word' id='word_1_3' title='bbox 563 329 854 394; x_wconf 81' lang='grc' dir='ltr'>ΟΝΟΜΑΤῙΚΟΝ.</span> <span class='ocrx_word' id='word_1_4' title='bbox 1114 335 1179 407; x_wconf 83' lang='grc'>355</span> 
     </span>
    </p>
   </div>
   <div class='ocr_carea' id='block_1_2' title="bbox 52 493 1231 4287">
    <p class='ocr_par' dir='ltr' id='par_1_2' title="bbox 52 493 1206 1178">
     <span class='ocr_line' id='line_1_2' title="bbox 52 493 1180 598; baseline -0.004 -28"><span class='ocrx_word' id='word_1_5' title='bbox 52 499 213 582; x_wconf 86' lang='grc' dir='ltr'>μείωται</span> <span class='ocrx_word' id='word_1_6' title='bbox 238 498 283 572; x_wconf 81' lang='grc' dir='ltr'>τὸ</span> <span class='ocrx_word' id='word_1_7' title='bbox 308 500 393 597; x_wconf 84' lang='grc' dir='ltr'>ὅρνις</span> <span class='ocrx_word' id='word_1_8' title='bbox 418 500 554 596; x_wconf 87' lang='grc' dir='ltr'>ὄρνιθας·</span> <span class='ocrx_word' id='word_1_9' title='bbox 581 499 648 572; x_wconf 81' lang='grc' dir='ltr'>είτε</span> <span class='ocrx_word' id='word_1_10' title='bbox 669 498 737 598; x_wconf 82' lang='grc' dir='ltr'>γάρ</span> <span class='ocrx_word' id='word_1_11' title='bbox 759 493 1082 596; x_wconf 83' lang='grc' dir='ltr'>μακραπαριίληκταν</span> <span class='ocrx_word' id='word_1_12' title='bbox 1098 493 1180 566; x_wconf 82' lang='grc' dir='ltr'>ούτθ</span> 
     </span>
     <span class='ocr_line' id='line_1_3' title="bbox 55 609 1179 714; baseline 0.001 -26"><span class='ocrx_word' id='word_1_13' title='bbox 55 619 183 700; x_wconf 81' lang='grc' dir='ltr'>θῶμεν</span> <span class='ocrx_word' id='word_1_14' title='bbox 200 613 254 688; x_wconf 75' lang='grc' dir='ltr'>διὰ</span> <span class='ocrx_word' id='word_1_15' title='bbox 270 621 332 687; x_wconf 89' lang='grc' dir='ltr'>ταῦ</span> <span class='ocrx_word' id='word_1_16' title='bbox 354 645 416 688; x_wconf 71' lang='lat' dir='ltr'>Ao:</span> <span class='ocrx_word' id='word_1_17' title='bbox 439 616 568 714; x_wconf 77' lang='grc' dir='ltr'>ὀφείλει</span> <span class='ocrx_word' id='word_1_18' title='bbox 585 617 766 702; x_wconf 84' lang='grc' dir='ltr'>κλίνεσθαι,</span> <span class='ocrx_word' id='word_1_19' title='bbox 780 617 821 692; x_wconf 82' lang='grc' dir='ltr'>ὡς</span> <span class='ocrx_word' id='word_1_20' title='bbox 842 613 885 687; x_wconf 83' lang='grc' dir='ltr'>τὸ</span> <span class='ocrx_word' id='word_1_21' title='bbox 910 617 1008 690; x_wconf 82' lang='grc' dir='ltr'>νεῦνιςΙ</span> <span class='ocrx_word' id='word_1_22' title='bbox 1021 609 1179 712; x_wconf 77' lang='grc' dir='ltr'>νεάνιδας,</span> 
     </span>
     <span class='ocr_line' id='line_1_4' title="bbox 57 729 1180 831; baseline -0.004 -28"><span class='ocrx_word' id='word_1_23' title='bbox 57 733 140 804; x_wconf 86' lang='grc' dir='ltr'>ε’ίτε</span> <span class='ocrx_word' id='word_1_24' title='bbox 158 729 501 831; x_wconf 85' lang='grc' dir='ltr'>βραχυπάριίληκπαν,</span> <span class='ocrx_word' id='word_1_25' title='bbox 519 731 602 828; x_wconf 80' lang='grc' dir='ltr'>ὅπερ</span> <span class='ocrx_word' id='word_1_26' title='bbox 620 733 676 802; x_wconf 87' lang='grc' dir='ltr'>οῦκ</span> <span class='ocrx_word' id='word_1_27' title='bbox 694 732 796 816; x_wconf 81' lang='grc' dir='ltr'>ἔστιν,</span> <span class='ocrx_word' id='word_1_28' title='bbox 814 729 867 803; x_wconf 76' lang='grc' dir='ltr'>διά</span> <span class='ocrx_word' id='word_1_29' title='bbox 883 734 1028 826; x_wconf 77' lang='grc' dir='ltr'>καθαροῦ</span> <span class='ocrx_word' id='word_1_30' title='bbox 1052 733 1114 800; x_wconf 90' lang='grc' dir='ltr'>τοῦ</span> <span class='ocrx_word' id='word_1_31' title='bbox 1140 757 1180 799; x_wconf 73' lang='grc' dir='ltr'>ατ</span> 
     </span>
     <span class='ocr_line' id='line_1_5' title="bbox 60 845 1179 944; baseline -0.003 -25"><span class='ocrx_word' id='word_1_32' title='bbox 60 847 213 944; x_wconf 81' lang='grc' dir='ltr'>ὀφείλει</span> <span class='ocrx_word' id='word_1_33' title='bbox 239 848 416 932; x_wconf 88' lang='grc' dir='ltr'>κλίνεσθαι,</span> <span class='ocrx_word' id='word_1_34' title='bbox 433 850 473 926; x_wconf 85' lang='grc' dir='ltr'>άις</span> <span class='ocrx_word' id='word_1_35' title='bbox 494 846 537 920; x_wconf 81' lang='grc' dir='ltr'>τίν</span> <span class='ocrx_word' id='word_1_36' title='bbox 562 846 646 925; x_wconf 93' lang='grc' dir='ltr'>κόνις</span> <span class='ocrx_word' id='word_1_37' title='bbox 669 847 787 926; x_wconf 87' lang='grc' dir='ltr'>κόνεος.</span> <span class='ocrx_word' id='word_1_38' title='bbox 839 846 941 918; x_wconf 90' lang='grc' dir='ltr'>Ἀλλ’</span> <span class='ocrx_word' id='word_1_39' title='bbox 959 845 1052 918; x_wconf 77' lang='grc' dir='ltr'>ἔστιν</span> <span class='ocrx_word' id='word_1_40' title='bbox 1068 846 1179 930; x_wconf 80' lang='grc' dir='ltr'>εἰπεῖν’,</span> 
     </span>
     <span class='ocr_line' id='line_1_6' title="bbox 61 959 1206 1062; baseline 0.002 -26"><span class='ocrx_word' id='word_1_41' title='bbox 61 965 127 1036; x_wconf 82' lang='grc' dir='ltr'>ὅτι</span> <span class='ocrx_word' id='word_1_42' title='bbox 156 969 295 1062; x_wconf 76' lang='grc' dir='ltr'>πρῶτον</span> <span class='ocrx_word' id='word_1_43' title='bbox 318 962 377 1048; x_wconf 76' lang='grc' dir='ltr'>μὲν</span> <span class='ocrx_word' id='word_1_44' title='bbox 398 969 504 1036; x_wconf 85' lang='grc' dir='ltr'>ταῦτα</span> <span class='ocrx_word' id='word_1_45' title='bbox 526 963 582 1034; x_wconf 85' lang='grc' dir='ltr'>αύκ</span> <span class='ocrx_word' id='word_1_46' title='bbox 604 964 677 1035; x_wconf 80' lang='grc' dir='ltr'>ἔστι</span> <span class='ocrx_word' id='word_1_47' title='bbox 696 961 833 1048; x_wconf 77' lang='grc' dir='ltr'>θηλυκόν</span> <span class='ocrx_word' id='word_1_48' title='bbox 848 963 962 1050; x_wconf 84' lang='grc' dir='ltr'>μόνως,</span> <span class='ocrx_word' id='word_1_49' title='bbox 980 961 1094 1060; x_wconf 75' lang='grc' dir='ltr'>ηῦρὲθη</span> <span class='ocrx_word' id='word_1_50' title='bbox 1111 959 1206 1059; x_wconf 73' lang='grc' dir='ltr'>γάρὸ</span> 
     </span>
     <span class='ocr_line' id='line_1_7' title="bbox 62 1075 1112 1178; baseline 0 -27"><span class='ocrx_word' id='word_1_51' title='bbox 62 1079 124 1151; x_wconf 83' lang='grc' dir='ltr'>καί</span> <span class='ocrx_word' id='word_1_52' title='bbox 144 1080 320 1177; x_wconf 74' lang='grc' dir='ltr'>ἀρσενικῶς</span> <span class='ocrx_word' id='word_1_53' title='bbox 336 1081 355 1150; x_wconf 88' lang='grc' dir='ltr'><strong><em>ὁ</em></strong></span> <span class='ocrx_word' id='word_1_54' title='bbox 373 1081 458 1178; x_wconf 83' lang='grc' dir='ltr'>ὄρνις</span> <span class='ocrx_word' id='word_1_55' title='bbox 473 1076 566 1176; x_wconf 77' lang='grc' dir='ltr'>παρὰ</span> <span class='ocrx_word' id='word_1_56' title='bbox 582 1084 631 1170; x_wconf 76' lang='grc' dir='ltr'>τῷ</span> <span class='ocrx_word' id='word_1_57' title='bbox 650 1075 906 1177; x_wconf 78' lang='grc' dir='ltr'>Ἀριστοφάνει,</span> <span class='ocrx_word' id='word_1_58' title='bbox 929 1083 1030 1174; x_wconf 89' lang='lat' dir='ltr'><strong>[Plut.</strong></span> <span class='ocrx_word' id='word_1_59' title='bbox 1044 1080 1112 1173; x_wconf 84' lang='lat'>63.]</span> 
     </span>
    </p>

    <p class='ocr_par' dir='ltr' id='par_1_3' title="bbox 67 1205 1231 4178">
     <span class='ocr_line' id='line_1_8' title="bbox 203 1205 781 1281; baseline 0.005 -19"><span class='ocrx_word' id='word_1_60' title='bbox 203 1207 283 1279; x_wconf 70' lang='grc' dir='ltr'>δέχου</span> <span class='ocrx_word' id='word_1_61' title='bbox 295 1207 342 1262; x_wconf 77' lang='grc' dir='ltr'>τόν</span> <span class='ocrx_word' id='word_1_62' title='bbox 353 1205 434 1281; x_wconf 80' lang='grc' dir='ltr'>ι’ίνθρα</span> <span class='ocrx_word' id='word_1_63' title='bbox 446 1207 488 1262; x_wconf 80' lang='grc' dir='ltr'>καὶ</span> <span class='ocrx_word' id='word_1_64' title='bbox 500 1208 547 1262; x_wconf 79' lang='grc' dir='ltr'>τὸν</span> <span class='ocrx_word' id='word_1_65' title='bbox 560 1205 631 1279; x_wconf 76' lang='grc' dir='ltr'>ὄρνιν</span> <span class='ocrx_word' id='word_1_66' title='bbox 643 1209 691 1260; x_wconf 86' lang='grc' dir='ltr'>τοῦ</span> <span class='ocrx_word' id='word_1_67' title='bbox 705 1209 781 1265; x_wconf 85' lang='grc' dir='ltr'>θεοῦ.</span> 
     </span>
     <span class='ocr_line' id='line_1_9' title="bbox 67 1309 1180 1409; baseline -0.002 -25"><span class='ocrx_word' id='word_1_68' title='bbox 67 1311 231 1408; x_wconf 81' lang='grc' dir='ltr'>δεύτερον</span> <span class='ocrx_word' id='word_1_69' title='bbox 248 1309 282 1382; x_wconf 78' lang='grc' dir='ltr'>δὲ</span> <span class='ocrx_word' id='word_1_70' title='bbox 302 1311 394 1384; x_wconf 80' lang='grc' dir='ltr'>ἔστιν</span> <span class='ocrx_word' id='word_1_71' title='bbox 411 1313 519 1395; x_wconf 76' lang='grc' dir='ltr'>εἰπεῖν,</span> <span class='ocrx_word' id='word_1_72' title='bbox 538 1310 592 1383; x_wconf 82' lang='grc' dir='ltr'>ὅτι</span> <span class='ocrx_word' id='word_1_73' title='bbox 609 1309 675 1382; x_wconf 86' lang='grc' dir='ltr'>είσί</span> <span class='ocrx_word' id='word_1_74' title='bbox 689 1339 763 1382; x_wconf 89' lang='grc' dir='ltr'>τινα</span> <span class='ocrx_word' id='word_1_75' title='bbox 780 1312 823 1388; x_wconf 87' lang='grc' dir='ltr'>είς</span> <span class='ocrx_word' id='word_1_76' title='bbox 840 1340 872 1382; x_wconf 76' lang='grc' dir='ltr'>ιτ</span> <span class='ocrx_word' id='word_1_77' title='bbox 887 1314 1039 1403; x_wconf 78' lang='grc' dir='ltr'>λήγοντα</span> <span class='ocrx_word' id='word_1_78' title='bbox 1055 1311 1180 1409; x_wconf 78' lang='grc' dir='ltr'>ἔχοντα</span> 
     </span>
     <span class='ocr_line' id='line_1_10' title="bbox 67 1421 1181 1524; baseline 0.001 -27"><span class='ocrx_word' id='word_1_79' title='bbox 67 1425 145 1524; x_wconf 83' lang='grc' dir='ltr'>πρὸ</span> <span class='ocrx_word' id='word_1_80' title='bbox 163 1432 229 1498; x_wconf 91' lang='grc' dir='ltr'>τοῦ</span> <span class='ocrx_word' id='word_1_81' title='bbox 246 1456 257 1496; x_wconf 89' lang='lat'>1</span> <span class='ocrx_word' id='word_1_82' title='bbox 276 1423 330 1496; x_wconf 80' lang='grc' dir='ltr'>δύο</span> <span class='ocrx_word' id='word_1_83' title='bbox 347 1423 556 1514; x_wconf 78' lang='grc' dir='ltr'>ἀμετάβολα,</span> <span class='ocrx_word' id='word_1_84' title='bbox 574 1423 671 1498; x_wconf 79' lang='grc' dir='ltr'>ἅτινα</span> <span class='ocrx_word' id='word_1_85' title='bbox 688 1421 740 1496; x_wconf 81' lang='grc' dir='ltr'>ῦιθ</span> <span class='ocrx_word' id='word_1_86' title='bbox 756 1431 819 1496; x_wconf 84' lang='grc' dir='ltr'>τοῦ</span> <span class='ocrx_word' id='word_1_87' title='bbox 836 1455 899 1497; x_wconf 78' lang='grc' dir='ltr'>εοτ</span> <span class='ocrx_word' id='word_1_88' title='bbox 916 1427 1094 1513; x_wconf 81' lang='grc' dir='ltr'>κλίνονται,</span> <span class='ocrx_word' id='word_1_89' title='bbox 1111 1426 1181 1498; x_wconf 81' lang='grc' dir='ltr'>οίον</span> 
     </span>
     <span class='ocr_line' id='line_1_11' title="bbox 70 1537 1229 1640; baseline -0.005 -26"><span class='ocrx_word' id='word_1_90' title='bbox 70 1541 191 1619; x_wconf 78' lang='grc' dir='ltr'>θέλλις</span> <span class='ocrx_word' id='word_1_91' title='bbox 208 1540 368 1623; x_wconf 77' lang='grc' dir='ltr'>θίλλιθος,</span> <span class='ocrx_word' id='word_1_92' title='bbox 387 1539 475 1632; x_wconf 82' lang='grc' dir='ltr'>(ἔστι</span> <span class='ocrx_word' id='word_1_93' title='bbox 494 1539 528 1612; x_wconf 76' lang='grc' dir='ltr'>δὲ</span> <span class='ocrx_word' id='word_1_94' title='bbox 545 1537 627 1640; x_wconf 77' lang='grc' dir='ltr'>ζῶον</span> <span class='ocrx_word' id='word_1_95' title='bbox 651 1541 765 1625; x_wconf 85' lang='grc' dir='ltr'>ὅμοιον</span> <span class='ocrx_word' id='word_1_96' title='bbox 781 1540 953 1637; x_wconf 73' lang='grc' dir='ltr'>μελίσση,)</span> <span class='ocrx_word' id='word_1_97' title='bbox 969 1541 1084 1639; x_wconf 82' lang='grc' dir='ltr'>μίρμις</span> <span class='ocrx_word' id='word_1_98' title='bbox 1102 1542 1181 1640; x_wconf 80' lang='grc' dir='ltr'>μέρ-</span> <span class='ocrx_word' id='word_1_99' title='bbox 1193 1567 1229 1608; x_wconf 87' lang='grc' dir='ltr'>ιο</span> 
     </span>
     <span class='ocr_line' id='line_1_12' title="bbox 70 1656 1181 1758; baseline 0.004 -29"><span class='ocrx_word' id='word_1_100' title='bbox 70 1661 185 1742; x_wconf 91' lang='grc' dir='ltr'>μιθος,</span> <span class='ocrx_word' id='word_1_101' title='bbox 214 1657 375 1749; x_wconf 82' lang='grc' dir='ltr'>(σημαίνει</span> <span class='ocrx_word' id='word_1_102' title='bbox 404 1656 439 1729; x_wconf 77' lang='grc' dir='ltr'>δὲ</span> <span class='ocrx_word' id='word_1_103' title='bbox 471 1656 514 1732; x_wconf 80' lang='grc' dir='ltr'>τὸ</span> <span class='ocrx_word' id='word_1_104' title='bbox 547 1658 674 1732; x_wconf 83' lang='grc' dir='ltr'>λεπτὸν</span> <span class='ocrx_word' id='word_1_105' title='bbox 699 1659 874 1758; x_wconf 86' lang='grc' dir='ltr'>σχαινιόυ·)</span> <span class='ocrx_word' id='word_1_106' title='bbox 916 1658 1017 1738; x_wconf 73' lang='grc' dir='ltr'>οὗτος</span> <span class='ocrx_word' id='word_1_107' title='bbox 1050 1659 1104 1732; x_wconf 84' lang='grc' dir='ltr'>ούν</span> <span class='ocrx_word' id='word_1_108' title='bbox 1127 1663 1181 1733; x_wconf 82' lang='grc' dir='ltr'>καί</span> 
     </span>
     <span class='ocr_line' id='line_1_13' title="bbox 72 1773 1181 1871; baseline 0.005 -27"><span class='ocrx_word' id='word_1_109' title='bbox 72 1775 166 1871; x_wconf 82' lang='grc' dir='ltr'>ὅρνις</span> <span class='ocrx_word' id='word_1_110' title='bbox 183 1773 321 1870; x_wconf 86' lang='grc' dir='ltr'>ὄρνιθος,</span> <span class='ocrx_word' id='word_1_111' title='bbox 333 1773 386 1844; x_wconf 79' lang='grc' dir='ltr'>καὶ</span> <span class='ocrx_word' id='word_1_112' title='bbox 404 1774 526 1870; x_wconf 85' lang='grc' dir='ltr'>ὄρνιθες</span> <span class='ocrx_word' id='word_1_113' title='bbox 543 1779 561 1858; x_wconf 79' lang='grc' dir='ltr'><em>ἦ</em></span> <span class='ocrx_word' id='word_1_114' title='bbox 579 1777 682 1849; x_wconf 89' lang='grc' dir='ltr'>εύθεῐα</span> <span class='ocrx_word' id='word_1_115' title='bbox 698 1781 765 1848; x_wconf 79' lang='grc' dir='ltr'>τῶν</span> <span class='ocrx_word' id='word_1_116' title='bbox 781 1781 1014 1860; x_wconf 81' lang='grc' dir='ltr'>πληθυντικῶν,</span> <span class='ocrx_word' id='word_1_117' title='bbox 1025 1776 1077 1848; x_wconf 80' lang='grc' dir='ltr'>καί</span> <span class='ocrx_word' id='word_1_118' title='bbox 1094 1775 1181 1849; x_wconf 79' lang='grc' dir='ltr'>κατὰ</span> 
     </span>
     <span class='ocr_line' id='line_1_14' title="bbox 74 1888 1182 1992; baseline 0.002 -31"><span class='ocrx_word' id='word_1_119' title='bbox 74 1890 259 1977; x_wconf 77' lang='grc' dir='ltr'>ἆποβολῆν</span> <span class='ocrx_word' id='word_1_120' title='bbox 275 1896 337 1961; x_wconf 91' lang='grc' dir='ltr'>τοῦ</span> <span class='ocrx_word' id='word_1_121' title='bbox 360 1919 380 1960; x_wconf 87' lang='grc' dir='ltr'>ο</span> <span class='ocrx_word' id='word_1_122' title='bbox 405 1890 458 1961; x_wconf 81' lang='grc' dir='ltr'>καί</span> <span class='ocrx_word' id='word_1_123' title='bbox 480 1888 594 1987; x_wconf 84' lang='grc' dir='ltr'>κράσει</span> <span class='ocrx_word' id='word_1_124' title='bbox 616 1899 679 1964; x_wconf 90' lang='grc' dir='ltr'>τοῦ</span> <span class='ocrx_word' id='word_1_125' title='bbox 700 1923 712 1965; x_wconf 93' lang='grc' dir='ltr'>ι</span> <span class='ocrx_word' id='word_1_126' title='bbox 735 1893 788 1965; x_wconf 82' lang='grc' dir='ltr'>καί</span> <span class='ocrx_word' id='word_1_127' title='bbox 807 1922 827 1963; x_wconf 78' lang='grc' dir='ltr'>ε</span> <span class='ocrx_word' id='word_1_128' title='bbox 844 1893 887 1970; x_wconf 88' lang='grc' dir='ltr'>είς</span> <span class='ocrx_word' id='word_1_129' title='bbox 908 1890 1061 1990; x_wconf 83' lang='grc' dir='ltr'>ιμακρόν</span> <span class='ocrx_word' id='word_1_130' title='bbox 1084 1892 1182 1992; x_wconf 81' lang='grc' dir='ltr'>ὅρνις,</span> 
     </span>
     <span class='ocr_line' id='line_1_15' title="bbox 74 2003 1186 2106; baseline 0.002 -30"><span class='ocrx_word' id='word_1_131' title='bbox 74 2003 195 2102; x_wconf 74' lang='grc' dir='ltr'>ὥσπερ</span> <span class='ocrx_word' id='word_1_132' title='bbox 210 2003 342 2090; x_wconf 83' lang='grc' dir='ltr'>μάντιες</span> <span class='ocrx_word' id='word_1_133' title='bbox 357 2004 483 2091; x_wconf 84' lang='grc' dir='ltr'>μάντις·</span> <span class='ocrx_word' id='word_1_134' title='bbox 508 2004 552 2078; x_wconf 81' lang='grc' dir='ltr'>τὸ</span> <span class='ocrx_word' id='word_1_135' title='bbox 569 2005 637 2106; x_wconf 81' lang='grc' dir='ltr'>γὰρ</span> <span class='ocrx_word' id='word_1_136' title='bbox 654 2005 784 2092; x_wconf 82' lang='grc' dir='ltr'>μάντεις</span> <span class='ocrx_word' id='word_1_137' title='bbox 802 2005 854 2078; x_wconf 81' lang='grc' dir='ltr'>διὰ</span> <span class='ocrx_word' id='word_1_138' title='bbox 866 2015 925 2091; x_wconf 78' lang='grc' dir='ltr'>τῆς</span> <span class='ocrx_word' id='word_1_139' title='bbox 938 2037 971 2079; x_wconf 81' lang='grc' dir='ltr'>ει</span> <span class='ocrx_word' id='word_1_140' title='bbox 988 2005 1186 2105; x_wconf 81' lang='grc' dir='ltr'>θιφθόγγαύ</span> 
     </span>
     <span class='ocr_line' id='line_1_16' title="bbox 76 2118 1228 2220; baseline 0.003 -29"><span class='ocrx_word' id='word_1_141' title='bbox 76 2118 150 2191; x_wconf 82' lang='grc' dir='ltr'>ἆπθ</span> <span class='ocrx_word' id='word_1_142' title='bbox 166 2127 229 2193; x_wconf 89' lang='grc' dir='ltr'>τοῦ</span> <span class='ocrx_word' id='word_1_143' title='bbox 244 2119 378 2205; x_wconf 79' lang='grc' dir='ltr'>μάντεις</span> <span class='ocrx_word' id='word_1_144' title='bbox 394 2123 479 2194; x_wconf 90' lang='grc' dir='ltr'>ε’στί.</span> <span class='ocrx_word' id='word_1_145' title='bbox 523 2122 746 2207; x_wconf 80' lang='grc' dir='ltr'>Σεσημείικται</span> <span class='ocrx_word' id='word_1_146' title='bbox 763 2122 806 2195; x_wconf 83' lang='grc' dir='ltr'>τό</span> <span class='ocrx_word' id='word_1_147' title='bbox 824 2121 978 2220; x_wconf 87' lang='grc' dir='ltr'>Τράλλις</span> <span class='ocrx_word' id='word_1_148' title='bbox 994 2121 1180 2220; x_wconf 86' lang='grc' dir='ltr'>Τράλλεος,</span> <span class='ocrx_word' id='word_1_149' title='bbox 1192 2145 1228 2206; x_wconf 80' lang='grc'>15</span> 
     </span>
     <span class='ocr_line' id='line_1_17' title="bbox 80 2233 1182 2335; baseline 0.005 -30"><span class='ocrx_word' id='word_1_150' title='bbox 80 2233 173 2324; x_wconf 78' lang='grc' dir='ltr'>(ἔστι</span> <span class='ocrx_word' id='word_1_151' title='bbox 190 2234 226 2308; x_wconf 76' lang='grc' dir='ltr'>δὲ</span> <span class='ocrx_word' id='word_1_152' title='bbox 241 2237 344 2322; x_wconf 80' lang='grc' dir='ltr'>ὄνομα</span> <span class='ocrx_word' id='word_1_153' title='bbox 360 2237 513 2334; x_wconf 56' lang='grc' dir='ltr'>πόλεως)</span> <span class='ocrx_word' id='word_1_154' title='bbox 530 2238 584 2310; x_wconf 82' lang='grc' dir='ltr'>ὅτι</span> <span class='ocrx_word' id='word_1_155' title='bbox 603 2235 654 2309; x_wconf 80' lang='grc' dir='ltr'>διὰ</span> <span class='ocrx_word' id='word_1_156' title='bbox 668 2237 723 2309; x_wconf 83' lang='grc' dir='ltr'>θύα</span> <span class='ocrx_word' id='word_1_157' title='bbox 735 2239 955 2327; x_wconf 84' lang='grc' dir='ltr'>άμεταβόλιυν</span> <span class='ocrx_word' id='word_1_158' title='bbox 965 2238 1182 2335; x_wconf 77' lang='grc' dir='ltr'>ἐκφερόμενον</span> 
     </span>
     <span class='ocr_line' id='line_1_18' title="bbox 81 2349 1181 2451; baseline 0.005 -31"><span class='ocrx_word' id='word_1_159' title='bbox 81 2351 120 2421; x_wconf 87' lang='grc' dir='ltr'>ού</span> <span class='ocrx_word' id='word_1_160' title='bbox 135 2351 280 2424; x_wconf 79' lang='grc' dir='ltr'>κλίνεται</span> <span class='ocrx_word' id='word_1_161' title='bbox 298 2349 350 2424; x_wconf 80' lang='grc' dir='ltr'>θεά</span> <span class='ocrx_word' id='word_1_162' title='bbox 367 2359 429 2424; x_wconf 88' lang='grc' dir='ltr'>τοῦ</span> <span class='ocrx_word' id='word_1_163' title='bbox 445 2383 519 2436; x_wconf 72' lang='grc' dir='ltr'>εον,</span> <span class='ocrx_word' id='word_1_164' title='bbox 537 2351 628 2424; x_wconf 80' lang='grc' dir='ltr'>ἆλλᾶ</span> <span class='ocrx_word' id='word_1_165' title='bbox 647 2350 698 2425; x_wconf 83' lang='grc' dir='ltr'>θεά</span> <span class='ocrx_word' id='word_1_166' title='bbox 715 2359 858 2451; x_wconf 82' lang='grc' dir='ltr'>καθαροῦ</span> <span class='ocrx_word' id='word_1_167' title='bbox 874 2360 936 2426; x_wconf 88' lang='grc' dir='ltr'>τοῦ</span> <span class='ocrx_word' id='word_1_168' title='bbox 953 2383 1006 2425; x_wconf 78' lang='grc' dir='ltr'>ατ.</span> <span class='ocrx_word' id='word_1_169' title='bbox 1050 2353 1120 2424; x_wconf 77' lang='grc' dir='ltr'>Καὶ</span> <span class='ocrx_word' id='word_1_170' title='bbox 1136 2351 1181 2426; x_wconf 74' lang='grc' dir='ltr'>τά</span> 
     </span>
     <span class='ocr_line' id='line_1_19' title="bbox 82 2463 1183 2568; baseline 0.006 -32"><span class='ocrx_word' id='word_1_171' title='bbox 82 2468 127 2544; x_wconf 81' lang='grc' dir='ltr'>είς</span> <span class='ocrx_word' id='word_1_172' title='bbox 144 2495 196 2538; x_wconf 76' lang='grc' dir='ltr'>ειτ</span> <span class='ocrx_word' id='word_1_173' title='bbox 212 2470 362 2561; x_wconf 75' lang='grc' dir='ltr'>λήγοντα</span> <span class='ocrx_word' id='word_1_174' title='bbox 380 2463 432 2538; x_wconf 81' lang='grc' dir='ltr'>θιᾶ</span> <span class='ocrx_word' id='word_1_175' title='bbox 449 2473 511 2539; x_wconf 89' lang='grc' dir='ltr'>τοῦ</span> <span class='ocrx_word' id='word_1_176' title='bbox 527 2497 588 2539; x_wconf 81' lang='grc' dir='ltr'>Δατ</span> <span class='ocrx_word' id='word_1_177' title='bbox 604 2469 781 2554; x_wconf 90' lang='grc' dir='ltr'>κλίνονται,</span> <span class='ocrx_word' id='word_1_178' title='bbox 795 2471 864 2543; x_wconf 77' lang='grc' dir='ltr'>αΐον</span> <span class='ocrx_word' id='word_1_179' title='bbox 880 2471 945 2568; x_wconf 82' lang='grc' dir='ltr'>ἔρις</span> <span class='ocrx_word' id='word_1_180' title='bbox 961 2468 1075 2568; x_wconf 78' lang='grc' dir='ltr'>ἔριθος,</span> <span class='ocrx_word' id='word_1_181' title='bbox 1092 2471 1183 2542; x_wconf 83' lang='grc' dir='ltr'>κίθα-</span> 
     </span>
     <span class='ocr_line' id='line_1_20' title="bbox 83 2579 1184 2685; baseline 0.007 -34"><span class='ocrx_word' id='word_1_182' title='bbox 83 2611 134 2679; x_wconf 92' lang='grc' dir='ltr'>ρις</span> <span class='ocrx_word' id='word_1_183' title='bbox 156 2579 330 2680; x_wconf 83' lang='grc' dir='ltr'>κιθάριθος,</span> <span class='ocrx_word' id='word_1_184' title='bbox 348 2582 478 2681; x_wconf 88' lang='grc' dir='ltr'>Κύπρις</span> <span class='ocrx_word' id='word_1_185' title='bbox 495 2582 673 2682; x_wconf 75' lang='grc' dir='ltr'>Κύπριδος,</span> <span class='ocrx_word' id='word_1_186' title='bbox 695 2589 802 2683; x_wconf 88' lang='grc' dir='ltr'>θοῦρις</span> <span class='ocrx_word' id='word_1_187' title='bbox 828 2585 1080 2685; x_wconf 85' lang='grc' dir='ltr'>θαύριθας,Ἴρις</span> <span class='ocrx_word' id='word_1_188' title='bbox 1098 2587 1184 2685; x_wconf 86' lang='grc' dir='ltr'>Ἴρι-</span> 
     </span>
     <span class='ocr_line' id='line_1_21' title="bbox 85 2695 1231 2796; baseline 0.006 -28"><span class='ocrx_word' id='word_1_189' title='bbox 85 2695 150 2782; x_wconf 82' lang='grc' dir='ltr'>θας,</span> <span class='ocrx_word' id='word_1_190' title='bbox 168 2695 327 2786; x_wconf 87' lang='grc' dir='ltr'>(σημαίνει</span> <span class='ocrx_word' id='word_1_191' title='bbox 353 2696 387 2770; x_wconf 80' lang='grc' dir='ltr'>δὲ</span> <span class='ocrx_word' id='word_1_192' title='bbox 411 2697 472 2771; x_wconf 80' lang='grc' dir='ltr'>τόν</span> <span class='ocrx_word' id='word_1_193' title='bbox 496 2697 648 2794; x_wconf 79' lang='grc' dir='ltr'>ἄγγελον</span> <span class='ocrx_word' id='word_1_194' title='bbox 671 2707 737 2773; x_wconf 82' lang='grc' dir='ltr'>τῶν</span> <span class='ocrx_word' id='word_1_195' title='bbox 763 2706 849 2784; x_wconf 77' lang='grc' dir='ltr'>θεῶν,</span> <span class='ocrx_word' id='word_1_196' title='bbox 867 2703 920 2773; x_wconf 78' lang='grc' dir='ltr'>καί</span> <span class='ocrx_word' id='word_1_197' title='bbox 945 2699 988 2774; x_wconf 82' lang='grc' dir='ltr'>τό</span> <span class='ocrx_word' id='word_1_198' title='bbox 1013 2699 1116 2796; x_wconf 80' lang='grc' dir='ltr'>τόξον</span> <span class='ocrx_word' id='word_1_199' title='bbox 1139 2700 1231 2775; x_wconf 60' lang='grc' dir='ltr'>τόιο</span> 
     </span>
     <span class='ocr_line' id='line_1_22' title="bbox 86 2811 1184 2916; baseline 0.006 -34"><span class='ocrx_word' id='word_1_200' title='bbox 86 2811 255 2904; x_wconf 87' lang='grc' dir='ltr'>γινόμενον</span> <span class='ocrx_word' id='word_1_201' title='bbox 270 2815 313 2892; x_wconf 87' lang='grc' dir='ltr'>είς</span> <span class='ocrx_word' id='word_1_202' title='bbox 328 2813 389 2886; x_wconf 79' lang='grc' dir='ltr'>τόν</span> <span class='ocrx_word' id='word_1_203' title='bbox 405 2814 564 2913; x_wconf 82' lang='grc' dir='ltr'>ούρανόν,)</span> <span class='ocrx_word' id='word_1_204' title='bbox 582 2813 679 2914; x_wconf 86' lang='grc' dir='ltr'>χάρις</span> <span class='ocrx_word' id='word_1_205' title='bbox 695 2814 841 2914; x_wconf 82' lang='grc' dir='ltr'>χάριθος,</span> <span class='ocrx_word' id='word_1_206' title='bbox 854 2819 907 2889; x_wconf 78' lang='grc' dir='ltr'>καί</span> <span class='ocrx_word' id='word_1_207' title='bbox 924 2814 1065 2915; x_wconf 83' lang='grc' dir='ltr'>χάριτας</span> <span class='ocrx_word' id='word_1_208' title='bbox 1077 2819 1184 2916; x_wconf 85' lang='grc' dir='ltr'>Διορι-</span> 
     </span>
     <span class='ocr_line' id='line_1_23' title="bbox 86 2928 1182 3032; baseline 0.01 -36"><span class='ocrx_word' id='word_1_209' title='bbox 86 2932 145 3004; x_wconf 80' lang='grc' dir='ltr'>κῦς</span> <span class='ocrx_word' id='word_1_210' title='bbox 165 2933 274 3024; x_wconf 75' lang='grc' dir='ltr'>τραπῇ</span> <span class='ocrx_word' id='word_1_211' title='bbox 299 2935 362 3001; x_wconf 88' lang='grc' dir='ltr'>τοῦ</span> <span class='ocrx_word' id='word_1_212' title='bbox 381 2959 401 3001; x_wconf 80' lang='grc' dir='ltr'><strong>Δ</strong></span> <span class='ocrx_word' id='word_1_213' title='bbox 419 2933 462 3008; x_wconf 86' lang='grc' dir='ltr'>είς</span> <span class='ocrx_word' id='word_1_214' title='bbox 477 2928 521 3004; x_wconf 81' lang='grc' dir='ltr'>τὸ</span> <span class='ocrx_word' id='word_1_215' title='bbox 538 2961 568 3015; x_wconf 85' lang='grc' dir='ltr'>τ,</span> <span class='ocrx_word' id='word_1_216' title='bbox 586 2932 668 3030; x_wconf 82' lang='grc' dir='ltr'>ὅπερ</span> <span class='ocrx_word' id='word_1_217' title='bbox 691 2933 743 3004; x_wconf 76' lang='grc' dir='ltr'>καὶ</span> <span class='ocrx_word' id='word_1_218' title='bbox 769 2937 849 3031; x_wconf 91' lang='grc' dir='ltr'>παρ’</span> <span class='ocrx_word' id='word_1_219' title='bbox 874 2937 948 3018; x_wconf 77' lang='grc' dir='ltr'>ἡμῖν</span> <span class='ocrx_word' id='word_1_220' title='bbox 969 2931 1182 3032; x_wconf 83' lang='grc' dir='ltr'>ἐπεκράτησε.</span> 
     </span>
     <span class='ocr_line' id='line_1_24' title="bbox 89 3042 1184 3147; baseline 0.01 -36"><span class='ocrx_word' id='word_1_221' title='bbox 89 3042 282 3125; x_wconf 85' lang='grc' dir='ltr'>Σημειοῦται</span> <span class='ocrx_word' id='word_1_222' title='bbox 300 3046 319 3115; x_wconf 89' lang='grc' dir='ltr'>ὁ</span> <span class='ocrx_word' id='word_1_223' title='bbox 336 3044 484 3143; x_wconf 79' lang='grc' dir='ltr'>τεχνικός</span> <span class='ocrx_word' id='word_1_224' title='bbox 499 3045 545 3118; x_wconf 84' lang='grc' dir='ltr'>τά</span> <span class='ocrx_word' id='word_1_225' title='bbox 564 3045 616 3120; x_wconf 83' lang='grc' dir='ltr'>θιά</span> <span class='ocrx_word' id='word_1_226' title='bbox 633 3053 778 3147; x_wconf 79' lang='grc' dir='ltr'>καθαροῦ</span> <span class='ocrx_word' id='word_1_227' title='bbox 799 3055 861 3121; x_wconf 91' lang='grc' dir='ltr'>τοῦ</span> <span class='ocrx_word' id='word_1_228' title='bbox 879 3079 918 3120; x_wconf 76' lang='grc' dir='ltr'>ου</span> <span class='ocrx_word' id='word_1_229' title='bbox 934 3049 1101 3140; x_wconf 78' lang='grc' dir='ltr'>κλιθέντα,</span> <span class='ocrx_word' id='word_1_230' title='bbox 1114 3047 1184 3122; x_wconf 87' lang='grc' dir='ltr'>αίον</span> 
     </span>
     <span class='ocr_line' id='line_1_25' title="bbox 88 3157 1183 3264; baseline 0.009 -36"><span class='ocrx_word' id='word_1_231' title='bbox 88 3157 179 3256; x_wconf 86' lang='grc' dir='ltr'>ύβρις</span> <span class='ocrx_word' id='word_1_232' title='bbox 193 3157 323 3256; x_wconf 83' lang='grc' dir='ltr'>ῦβρειυς,</span> <span class='ocrx_word' id='word_1_233' title='bbox 340 3161 392 3232; x_wconf 79' lang='grc' dir='ltr'>καί</span> <span class='ocrx_word' id='word_1_234' title='bbox 419 3162 510 3260; x_wconf 89' lang='grc' dir='ltr'>γύρις</span> <span class='ocrx_word' id='word_1_235' title='bbox 535 3165 649 3262; x_wconf 90' lang='grc' dir='ltr'>γύρεος</span> <span class='ocrx_word' id='word_1_236' title='bbox 673 3164 725 3235; x_wconf 83' lang='grc' dir='ltr'>καί</span> <span class='ocrx_word' id='word_1_237' title='bbox 751 3165 903 3263; x_wconf 86' lang='grc' dir='ltr'>ἆγύρειυς,</span> <span class='ocrx_word' id='word_1_238' title='bbox 921 3165 973 3236; x_wconf 79' lang='grc' dir='ltr'>καί</span> <span class='ocrx_word' id='word_1_239' title='bbox 999 3165 1065 3237; x_wconf 84' lang='grc' dir='ltr'>ὅσα</span> <span class='ocrx_word' id='word_1_240' title='bbox 1090 3164 1183 3264; x_wconf 85' lang='grc' dir='ltr'>παρά</span> 
     </span>
     <span class='ocr_line' id='line_1_26' title="bbox 89 3271 1229 3380; baseline 0.003 -34"><span class='ocrx_word' id='word_1_241' title='bbox 89 3273 131 3346; x_wconf 83' lang='grc' dir='ltr'>τό</span> <span class='ocrx_word' id='word_1_242' title='bbox 162 3271 282 3371; x_wconf 73' lang='grc' dir='ltr'>ἄγυρις,</span> <span class='ocrx_word' id='word_1_243' title='bbox 311 3274 464 3360; x_wconf 84' lang='grc' dir='ltr'>θηλουότι</span> <span class='ocrx_word' id='word_1_244' title='bbox 498 3283 676 3377; x_wconf 73' lang='grc' dir='ltr'>πανήγυρις</span> <span class='ocrx_word' id='word_1_245' title='bbox 708 3282 909 3378; x_wconf 90' lang='grc' dir='ltr'>πανηγύρεος</span> <span class='ocrx_word' id='word_1_246' title='bbox 941 3280 993 3351; x_wconf 81' lang='grc' dir='ltr'>καί</span> <span class='ocrx_word' id='word_1_247' title='bbox 1026 3283 1184 3380; x_wconf 75' lang='grc' dir='ltr'>ὁμήγυρις</span> <span class='ocrx_word' id='word_1_248' title='bbox 1194 3307 1229 3369; x_wconf 83' lang='lat'>25</span> 
     </span>
     <span class='ocr_line' id='line_1_27' title="bbox 91 3389 1183 3493; baseline 0.009 -35"><span class='ocrx_word' id='word_1_249' title='bbox 91 3389 272 3485; x_wconf 84' lang='grc' dir='ltr'>ὁμηγύρεας·</span> <span class='ocrx_word' id='word_1_250' title='bbox 298 3389 341 3462; x_wconf 82' lang='grc' dir='ltr'>τὸ</span> <span class='ocrx_word' id='word_1_251' title='bbox 365 3394 496 3491; x_wconf 81' lang='grc' dir='ltr'>κίσηρις</span> <span class='ocrx_word' id='word_1_252' title='bbox 512 3393 547 3466; x_wconf 76' lang='grc' dir='ltr'>δὲ</span> <span class='ocrx_word' id='word_1_253' title='bbox 569 3394 665 3492; x_wconf 76' lang='grc' dir='ltr'>διχῶς</span> <span class='ocrx_word' id='word_1_254' title='bbox 681 3397 791 3493; x_wconf 81' lang='grc' dir='ltr'>εύρίθη</span> <span class='ocrx_word' id='word_1_255' title='bbox 808 3395 1005 3478; x_wconf 86' lang='grc' dir='ltr'>κλινόμενον·</span> <span class='ocrx_word' id='word_1_256' title='bbox 1023 3395 1110 3466; x_wconf 82' lang='grc' dir='ltr'>ποτὲ</span> <span class='ocrx_word' id='word_1_257' title='bbox 1125 3395 1183 3480; x_wconf 80' lang='grc' dir='ltr'>μὲν</span> 
     </span>
     <span class='ocr_line' id='line_1_28' title="bbox 93 3505 1185 3608; baseline 0.006 -35"><span class='ocrx_word' id='word_1_258' title='bbox 93 3505 321 3601; x_wconf 89' lang='grc' dir='ltr'>παρατίθενται</span> <span class='ocrx_word' id='word_1_259' title='bbox 347 3505 400 3578; x_wconf 82' lang='grc' dir='ltr'>θιᾶ</span> <span class='ocrx_word' id='word_1_260' title='bbox 425 3515 487 3580; x_wconf 89' lang='grc' dir='ltr'>τοῦ</span> <span class='ocrx_word' id='word_1_261' title='bbox 511 3539 573 3581; x_wconf 75' lang='grc' dir='ltr'>κατ</span> <span class='ocrx_word' id='word_1_262' title='bbox 597 3511 795 3596; x_wconf 85' lang='grc' dir='ltr'>κλινόμενον,</span> <span class='ocrx_word' id='word_1_263' title='bbox 813 3509 899 3582; x_wconf 79' lang='grc' dir='ltr'>ποτὲ</span> <span class='ocrx_word' id='word_1_264' title='bbox 916 3509 950 3582; x_wconf 81' lang='grc' dir='ltr'>δὲ</span> <span class='ocrx_word' id='word_1_265' title='bbox 966 3507 1019 3581; x_wconf 81' lang='grc' dir='ltr'>διὰ</span> <span class='ocrx_word' id='word_1_266' title='bbox 1038 3515 1185 3608; x_wconf 88' lang='grc' dir='ltr'>καθαροῦ</span> 
     </span>
     <span class='ocr_line' id='line_1_29' title="bbox 94 3620 1184 3723; baseline 0.006 -31"><span class='ocrx_word' id='word_1_267' title='bbox 94 3627 152 3692; x_wconf 89' lang='grc' dir='ltr'>ταῦ</span> <span class='ocrx_word' id='word_1_268' title='bbox 167 3651 217 3708; x_wconf 77' lang='grc' dir='ltr'>ατ,</span> <span class='ocrx_word' id='word_1_269' title='bbox 234 3620 303 3693; x_wconf 86' lang='grc' dir='ltr'>οίαυ</span> <span class='ocrx_word' id='word_1_270' title='bbox 320 3622 484 3720; x_wconf 81' lang='grc' dir='ltr'>κισῆριθας</span> <span class='ocrx_word' id='word_1_271' title='bbox 499 3629 657 3723; x_wconf 83' lang='grc' dir='ltr'>κισῆρεας·</span> <span class='ocrx_word' id='word_1_272' title='bbox 684 3628 836 3704; x_wconf 84' lang='grc' dir='ltr'>ὡσαύτως</span> <span class='ocrx_word' id='word_1_273' title='bbox 859 3625 894 3697; x_wconf 79' lang='grc' dir='ltr'>δὲ</span> <span class='ocrx_word' id='word_1_274' title='bbox 915 3626 1027 3698; x_wconf 77' lang='grc' dir='ltr'>καὶτὸ</span> <span class='ocrx_word' id='word_1_275' title='bbox 1045 3623 1184 3723; x_wconf 89' lang='grc' dir='ltr'>κάπορις</span> 
     </span>
     <span class='ocr_line' id='line_1_30' title="bbox 95 3735 1184 3839; baseline 0.006 -32"><span class='ocrx_word' id='word_1_276' title='bbox 95 3737 175 3833; x_wconf 81' lang='grc' dir='ltr'>φασί</span> <span class='ocrx_word' id='word_1_277' title='bbox 192 3735 414 3834; x_wconf 85' lang='grc' dir='ltr'>θιφαρεῖσθαι,</span> <span class='ocrx_word' id='word_1_278' title='bbox 432 3736 501 3812; x_wconf 86' lang='grc' dir='ltr'>οίαν</span> <span class='ocrx_word' id='word_1_279' title='bbox 520 3739 698 3838; x_wconf 79' lang='grc' dir='ltr'>καπάριθος</span> <span class='ocrx_word' id='word_1_280' title='bbox 722 3743 775 3813; x_wconf 77' lang='grc' dir='ltr'>καί</span> <span class='ocrx_word' id='word_1_281' title='bbox 800 3739 972 3839; x_wconf 89' lang='grc' dir='ltr'>καπάρεος.</span> <span class='ocrx_word' id='word_1_282' title='bbox 1025 3741 1184 3825; x_wconf 89' lang='grc' dir='ltr'>Σεσημεί-</span> 
     </span>
     <span class='ocr_line' id='line_1_31' title="bbox 96 3849 1231 3954; baseline 0.001 -30"><span class='ocrx_word' id='word_1_283' title='bbox 96 3882 169 3924; x_wconf 81' lang='grc' dir='ltr'>ιυται</span> <span class='ocrx_word' id='word_1_284' title='bbox 184 3850 225 3925; x_wconf 81' lang='grc' dir='ltr'>τὸ</span> <span class='ocrx_word' id='word_1_285' title='bbox 243 3849 341 3951; x_wconf 82' lang='grc' dir='ltr'>άκρις,</span> <span class='ocrx_word' id='word_1_286' title='bbox 360 3854 520 3944; x_wconf 86' lang='grc' dir='ltr'>(σημαίνει</span> <span class='ocrx_word' id='word_1_287' title='bbox 538 3854 572 3927; x_wconf 76' lang='grc' dir='ltr'>δὲ</span> <span class='ocrx_word' id='word_1_288' title='bbox 587 3857 647 3941; x_wconf 73' lang='grc' dir='ltr'>την</span> <span class='ocrx_word' id='word_1_289' title='bbox 664 3854 783 3954; x_wconf 74' lang='grc' dir='ltr'>ἐξοχὴν</span> <span class='ocrx_word' id='word_1_290' title='bbox 798 3863 861 3929; x_wconf 88' lang='grc' dir='ltr'>τοῦ</span> <span class='ocrx_word' id='word_1_291' title='bbox 878 3857 997 3953; x_wconf 83' lang='grc' dir='ltr'>ὄρους,)</span> <span class='ocrx_word' id='word_1_292' title='bbox 1014 3857 1059 3942; x_wconf 71' lang='grc' dir='ltr'>μὴ</span> <span class='ocrx_word' id='word_1_293' title='bbox 1076 3857 1231 3942; x_wconf 73' lang='grc' dir='ltr'>κλινό-ηο</span> 
     </span>
     <span class='ocr_line' id='line_1_32' title="bbox 96 3966 1183 4071; baseline 0.006 -32"><span class='ocrx_word' id='word_1_294' title='bbox 96 3998 182 4052; x_wconf 89' lang='grc' dir='ltr'>μενον</span> <span class='ocrx_word' id='word_1_295' title='bbox 205 3966 256 4041; x_wconf 81' lang='grc' dir='ltr'>διὰ</span> <span class='ocrx_word' id='word_1_296' title='bbox 281 3975 343 4040; x_wconf 90' lang='grc' dir='ltr'>τοῦ</span> <span class='ocrx_word' id='word_1_297' title='bbox 367 3999 441 4056; x_wconf 73' lang='grc' dir='ltr'>και,</span> <span class='ocrx_word' id='word_1_298' title='bbox 458 3969 548 4044; x_wconf 77' lang='grc' dir='ltr'>ἀλλὰ</span> <span class='ocrx_word' id='word_1_299' title='bbox 574 3970 626 4044; x_wconf 83' lang='grc' dir='ltr'>θιά</span> <span class='ocrx_word' id='word_1_300' title='bbox 652 3977 796 4071; x_wconf 88' lang='grc' dir='ltr'>καθαροῦ</span> <span class='ocrx_word' id='word_1_301' title='bbox 820 3977 883 4044; x_wconf 92' lang='grc' dir='ltr'>τοῦ</span> <span class='ocrx_word' id='word_1_302' title='bbox 908 4001 960 4057; x_wconf 68' lang='grc' dir='ltr'>οε,</span> <span class='ocrx_word' id='word_1_303' title='bbox 977 3968 1047 4043; x_wconf 76' lang='grc' dir='ltr'>οἷον</span> <span class='ocrx_word' id='word_1_304' title='bbox 1063 3970 1183 4071; x_wconf 78' lang='grc' dir='ltr'>ἄκριας,</span> 
     </span>
     <span class='ocr_line' id='line_1_33' title="bbox 103 4081 321 4178; baseline -0.009 -22"><span class='ocrx_word' id='word_1_305' title='bbox 103 4087 173 4178; x_wconf 83' lang='grc' dir='ltr'>[οά</span> <span class='ocrx_word' id='word_1_306' title='bbox 183 4083 214 4156; x_wconf 85' lang='grc' dir='ltr'>ι’.</span> <span class='ocrx_word' id='word_1_307' title='bbox 226 4081 321 4176; x_wconf 88' lang='lat'>400.]</span> 
     </span>
    </p>

    <p class='ocr_par' dir='ltr' id='par_1_4' title="bbox 207 4211 527 4287">
     <span class='ocr_line' id='line_1_34' title="bbox 207 4211 527 4287; baseline 0.009 -19"><span class='ocrx_word' id='word_1_308' title='bbox 207 4211 240 4268; x_wconf 79' lang='grc' dir='ltr'>δι’</span> <span class='ocrx_word' id='word_1_309' title='bbox 252 4213 340 4287; x_wconf 77' lang='grc' dir='ltr'>θκριας</span> <span class='ocrx_word' id='word_1_310' title='bbox 353 4211 527 4284; x_wconf 71' lang='grc' dir='ltr'>ἠνεμοέσσας.</span> 
     </span>
    </p>
   </div>
   <div class='ocr_carea' id='block_1_3' title="bbox 100 4313 1230 4614">
    <p class='ocr_par' dir='ltr' id='par_1_5' title="bbox 100 4313 1230 4614">
     <span class='ocr_line' id='line_1_35' title="bbox 100 4313 1184 4415; baseline -0.002 -27"><span class='ocrx_word' id='word_1_311' title='bbox 100 4317 205 4389; x_wconf 87' lang='grc' dir='ltr'>Ταῦτα</span> <span class='ocrx_word' id='word_1_312' title='bbox 219 4316 278 4402; x_wconf 77' lang='grc' dir='ltr'>μὲν</span> <span class='ocrx_word' id='word_1_313' title='bbox 293 4317 345 4388; x_wconf 79' lang='grc' dir='ltr'>καί</span> <span class='ocrx_word' id='word_1_314' title='bbox 362 4317 437 4415; x_wconf 82' lang='grc' dir='ltr'>περί</span> <span class='ocrx_word' id='word_1_315' title='bbox 455 4323 520 4390; x_wconf 80' lang='grc' dir='ltr'>τῶν</span> <span class='ocrx_word' id='word_1_316' title='bbox 536 4319 579 4394; x_wconf 85' lang='grc' dir='ltr'>είς</span> <span class='ocrx_word' id='word_1_317' title='bbox 597 4348 660 4390; x_wconf 69' lang='grc' dir='ltr'>ινιτ.</span> <span class='ocrx_word' id='word_1_318' title='bbox 695 4319 764 4390; x_wconf 74' lang='grc' dir='ltr'>Καὶ</span> <span class='ocrx_word' id='word_1_319' title='bbox 782 4317 827 4390; x_wconf 81' lang='grc' dir='ltr'>τὰ</span> <span class='ocrx_word' id='word_1_320' title='bbox 845 4321 887 4395; x_wconf 89' lang='grc' dir='ltr'>είς</span> <span class='ocrx_word' id='word_1_321' title='bbox 905 4347 938 4389; x_wconf 70' lang='grc' dir='ltr'>ιτ</span> <span class='ocrx_word' id='word_1_322' title='bbox 956 4313 1076 4399; x_wconf 82' lang='grc' dir='ltr'>θηλυκὰ</span> <span class='ocrx_word' id='word_1_323' title='bbox 1093 4315 1184 4410; x_wconf 88' lang='grc' dir='ltr'>γινό-</span> 
     </span>
     <span class='ocr_line' id='line_1_36' title="bbox 100 4429 1230 4531; baseline -0.004 -25"><span class='ocrx_word' id='word_1_324' title='bbox 100 4465 168 4518; x_wconf 88' lang='grc' dir='ltr'>μενα</span> <span class='ocrx_word' id='word_1_325' title='bbox 182 4431 248 4506; x_wconf 81' lang='grc' dir='ltr'>άπὸ</span> <span class='ocrx_word' id='word_1_326' title='bbox 265 4439 330 4506; x_wconf 81' lang='grc' dir='ltr'>τῶν</span> <span class='ocrx_word' id='word_1_327' title='bbox 351 4436 394 4513; x_wconf 83' lang='grc' dir='ltr'>είς</span> <span class='ocrx_word' id='word_1_328' title='bbox 413 4463 457 4506; x_wconf 69' lang='lat' dir='ltr'>nx</span> <span class='ocrx_word' id='word_1_329' title='bbox 473 4435 657 4531; x_wconf 81' lang='grc' dir='ltr'>άρσενικῶν,</span> <span class='ocrx_word' id='word_1_330' title='bbox 673 4433 833 4505; x_wconf 79' lang='grc' dir='ltr'>τουτέστι</span> <span class='ocrx_word' id='word_1_331' title='bbox 858 4429 944 4503; x_wconf 82' lang='grc' dir='ltr'>κατὰ</span> <span class='ocrx_word' id='word_1_332' title='bbox 969 4431 1098 4530; x_wconf 74' lang='grc' dir='ltr'>τροπὴν</span> <span class='ocrx_word' id='word_1_333' title='bbox 1122 4435 1208 4520; x_wconf 70' lang='grc' dir='ltr'>τοῦη</span> <span class='ocrx_word' id='word_1_334' title='bbox 1213 4458 1230 4520; x_wconf 85' lang='lat'>5</span> 
     </span>
     <span class='ocr_line' id='line_1_37' title="bbox 603 4565 690 4614; baseline 0.046 -5"><span class='ocrx_word' id='word_1_335' title='bbox 603 4567 653 4610; x_wconf 79' lang='grc' dir='ltr'>ΖΖ</span> <span class='ocrx_word' id='word_1_336' title='bbox 671 4565 690 4614; x_wconf 84' lang='lat'><em>2</em></span> 
     </span>
    </p>
   </div>
   <div class='ocr_carea' id='block_1_4' title="bbox 0 0 1536 5014">
    <p class='ocr_par' dir='ltr' id='par_1_6' title="bbox 0 0 1536 5014">
     <span class='ocr_line' id='line_1_38' title="bbox 0 0 1536 5014; baseline 0 0"><span class='ocrx_word' id='word_1_337' title='bbox 0 0 1536 5014; x_wconf 95' lang='lat' dir='ltr'> </span> 
     </span>
    </p>
   </div>
  </div>
 </body>
</html>
