2958 5018
402 333 470 393 ΕΙΣ
490 333 547 394 ΤΟ
569 331 860 395 ΟΝΟΜΑΤΙΚΟΝ.
1119 347 1182 416 301

34 497 159 572 ὥστε
191 498 326 584 δυνάμει
350 502 395 586 μὴ
417 499 494 573 είναι
511 503 572 586 τὴν
589 503 687 600 φάσει
704 501 841 600 μακρὰν,
859 503 946 600 φημί
962 503 1023 587 τὴν
1040 503 1186 603 δίφθογ-

44 647 142 711 γον,
176 620 215 689 ἐν
246 624 289 714 τῇ
326 618 577 716 παραληγοάση,
607 618 686 689 ἀλλ’
719 619 752 689 ίν
785 625 828 713 τῇ
864 621 1185 717 προπαραληγοόση.

52 730 196 805 Πάλιν
214 731 310 829 ἄξιον
326 735 400 806 ἐστὶ
426 731 577 834 ζητῆσαι,
598 736 628 805 εί
655 731 721 831 ἄρα
745 733 791 805 τῶ
817 737 860 812 είς
882 765 926 806 nn
953 739 1184 832 παριστάμενα

47 849 245 922 οὐδέποτε
271 847 461 948 πάσχουσιν
489 849 661 933 ἀποκοπὴν
689 847 776 921 κατὰ
805 849 866 933 τὴν
892 851 1086 935 αἰτιατικὴν,
1115 851 1186 922 οἷον

59 965 331 1063 Κτησιφῶντα,
347 963 558 1063 Ξενοφῶντα,
575 970 679 1036 τοῦτο
706 963 774 1062 γάρ
798 963 880 1036 ἰ’διον
896 966 971 1038 ἐστὶ
994 971 1060 1038 τῶν
1076 969 1119 1044 είς
1139 993 1211 1052 nus

59 1082 275 1179 βαρυτόνων
290 1082 343 1152 καὶ
363 1079 531 1176 ὀξυτόνων,
550 1080 619 1152 οἷον
636 1079 840 1153 Ἀπόλλωνα
855 1083 1033 1166 Ἀπόλλω,
1050 1090 1184 1156 κυκεῶνα

61 1203 186 1281 κυκεῶ,
217 1203 287 1275 πῶς
314 1196 358 1269 τά
389 1195 559 1268 Ποσειδῶν
585 1199 832 1295 περισπώμενον
858 1195 984 1295 πάσχει
1012 1198 1185 1284 ἀποκοπὴν

64 1313 166 1386 κατὰ
183 1315 248 1398 τὴν
264 1312 456 1398 αι’τιατικῆν,
473 1305 542 1384 οἳον
557 1310 618 1384 τὸν
636 1311 830 1385 Ποσειδῶνα
846 1311 907 1386 τδν
926 1313 1092 1400 Ποσειδῶ,

248 1440 289 1509 Νὴ
301 1440 348 1494 τὸν
361 1439 483 1495 Ποσειδῶ
495 1439 597 1493 τουτονὶ
610 1439 656 1493 τὸν
669 1437 768 1496 ίππιον.

55 1543 206 1614 Ἔστιν
223 1539 278 1614 οὖν
293 1543 403 1624 εἰπεῖν,
420 1541 474 1612 ὅτι
495 1537 621 1624 δυνάμει
647 1541 833 1639 βορότονόν
849 1543 924 1614 ε’στι
941 1540 984 1616 τὸ
1002 1541 1183 1628 Ποσειδῶν,
1198 1571 1233 1610 ¹0

72 1657 150 1730 εἰπδ
169 1656 240 1753 γάρ
256 1665 318 1730 τοῦ
336 1655 516 1740 Ποσειδίης
537 1657 658 1750 γέγονε
676 1655 863 1730 Ποσειδέων
879 1659 931 1730 καί
956 1658 1042 1731 κατὰ
1068 1655 1196 1758 κρᾶσιν

76 1773 268 1847 Ποσειδῶν.

133 1903 155 1933 “
166 1890 227 1984 Τῷ
238 1889 440 1988 Ξενοφῶντι,
452 1895 501 1982 τῷ
514 1887 705 1974 Ποσειδῶνι,
715 1895 764 1982 τῷ
778 1895 887 1974 ταῶνι,
896 1889 957 1962 τδν
969 1889 1183 1990 Ξενοφῶντα,

76 2007 144 2079 τὸν
172 2005 378 2092 Ποσειδῶνα,
402 2005 462 2078 τῶν
483 2010 604 2079 ταῶνα.
647 2005 694 2076 Ὠ
719 2001 885 2104 Ξενοφῶν,
911 2006 937 2079 ῶ
959 2006 1136 2094 Πόσειδον,
1158 2005 1185 2082 ῶ

79 2124 201 2196 ταῶν.”
1196 2154 1207 2193 ι
1213 2151 1230 2212 5

961 2239 1071 2266 ’ἣν

134 2239 266 2312 Ἰστίον
290 2241 344 2311 ότι
372 2238 416 2312 τά
446 2243 489 2318 είε
518 2268 563 2310 οτι
593 2241 824 2336 περισπῶμενα
848 2237 910 2321 τὴν
931 2269 1030 2322 αυτην
1051 2268 1184 2335 εχουσιν

86 2356 186 2452 ὀρθὴν
207 2356 259 2427 καί
284 2355 447 2441 κλητικίιν,
470 2353 540 2426 οίον
565 2353 721 2452 Ξενοφῶν
740 2353 768 2426 ιδ
788 2353 954 2452 Ξενοφῶν,
969 2353 1183 2453 Ἀγλαοφῶν

84 2473 113 2544 ῶ
140 2470 359 2568 Ἀγλαοφῶν,
386 2469 576 2569 Κτησιφῶν
601 2473 627 2542 ῶ
648 2469 846 2567 Κτησιφῶν,
876 2471 1047 2570 Δημοφῶν
1070 2471 1096 2542 ῶ
1116 2471 1184 2556 Δη-

88 2593 213 2685 μοφῶν,
240 2587 407 2659 Ἰπποκῶν
438 2588 467 2659 ιδ
494 2587 672 2672 Ἰτποκῶν,
705 2593 793 2658 ταῶν
826 2584 853 2660 ῶ
883 2593 983 2672 ταῶν,
1013 2593 1127 2685 τυφῶν
1159 2590 1185 2660 ῶ

90 2709 211 2802 τυφῶν,
228 2704 314 2788 πλὴν
329 2711 391 2776 τοῦ
408 2701 588 2788 Ποσειδῶν,
606 2700 774 2774 Πόσειδον
791 2700 859 2799 γάρ
878 2706 897 2786 ἡ
918 2704 1064 2787 κλητικῆ,
1080 2711 1184 2776 τοῦτο
1195 2741 1232 2782 20

91 2819 127 2892 δὲ
151 2817 379 2914 ψοιδαιολικόν
395 2821 479 2892 ἐστι.
530 2820 635 2891 Διατί
654 2817 793 2910 λέγεται
814 2815 1048 2910 φευδαιολικδν
1065 2820 1097 2890 ἐν
1113 2831 1185 2898 τοῖς

93 2937 318 3033 τρολοβοῶσιν
341 2933 514 3022 ε’μάθομεν,
531 2936 619 3018 ἡνίκα
644 2933 719 3031 περὶ
744 2939 806 3006 τοῦ
823 2931 1010 3006 Ἄπολλον
1035 2935 1087 3006 καὶ
1111 2933 1185 3006 Πό·

94 3051 196 3126 σειδον
211 3051 478 3142 διαλαμβάνομεν.
531 3053 600 3124 Καί
617 3053 780 3151 άποροῶσι
800 3051 894 3136 τινὲς,
911 3053 1079 3147 λέγοντες,
1097 3052 1188 3128 διατί

97 3167 162 3266 γάρ
186 3165 416 3262 ψευδαιολικδν
444 3170 587 3264 λε’γομεν
615 3167 659 3242 τῶ
688 3168 715 3242 ῶ
743 3168 920 3256 Πόσειδον,
947 3169 999 3243 καί
1029 3172 1073 3256 μίι
1098 3170 1184 3244 κατά

97 3286 268 3380 ἀναλογίαν
295 3286 400 3369 κοινὴν
425 3285 568 3379 λε’γομεν
592 3281 674 3355 αότδ
700 3282 908 3372 ἀναβιβάσαι
937 3284 999 3358 τῶν
1026 3286 1126 3358 τόνον
1153 3288 1186 3358 ἐν
1197 3313 1231 3373 25

98 3407 139 3496 τῇ
166 3408 304 3496 κλητικῇ·
339 3399 502 3479 πολλάκις
526 3397 595 3498 γάρ
619 3397 664 3470 τὰ
690 3402 732 3476 είς
758 3429 803 3470 απ
834 3400 975 3472 σύνθετα
1000 3399 1053 3472 διὰ
1078 3409 1140 3472 τοῦ
1165 3433 1185 3472 ο

97 3521 210 3615 ἔχοντα
232 3515 293 3602 τὴν
317 3513 471 3600 κλητικὴν
498 3511 742 3614 άναβιβάζουσι
767 3513 828 3588 τὸν
852 3514 951 3587 τόνον
973 3516 1026 3586 καί
1052 3545 1187 3613 προπα-

99 3629 284 3730 ροξίνοιται,
301 3631 381 3715 οἷον,
396 3630 615 3727 Ἀγαμέμνων
632 3627 856 3725 Ἀγάμεμνον,
873 3629 1074 3714 κακοδαίμων
1090 3632 1187 3704 κακά-

101 3749 212 3831 δαιμον,
228 3747 450 3837 όλβιοδαίμων
466 3747 694 3836 ὀλβιόδαιμον.
739 3747 868 3819 Ἔστιν
884 3745 937 3820 οδν
954 3750 1064 3830 εἰπεῖν,
1087 3747 1142 3820 ὅτι
1166 3749 1185 3819 ὁ

100 3864 196 3957 λόγου
216 3865 268 3936 ἐπὶ
293 3865 483 3962 βαρυτόνων
499 3865 600 3948 ε’στίν,
617 3861 661 3936 τὸ
684 3861 718 3935 δὲ
743 3862 915 3936 Ποσειδῶν
939 3867 1187 3961 περισπώμενον
1194 3895 1235 3950 30
1327 3907 1330 3918 ·

102 3981 180 4066 ε’στὶ,
192 3979 239 4051 καί
257 3979 355 4064 δῆλον
372 3979 426 4052 ότι
444 3981 481 4052 οιί
498 3977 656 4064 δυνάμεθα
673 3980 783 4073 λέγειν
800 3977 884 4051 αάτδ
900 3977 987 4052 κατά
1004 3980 1187 4074 ἀναλογίαν

103 4097 194 4179 κοινὴν
207 4093 412 4185 άναβιβάσαι
428 4094 489 4168 τδν
504 4096 603 4169 τόνον
618 4096 651 4166 ἐν
667 4100 711 4189 τῇ
727 4101 875 4189 κλητικῇ.

149 4223 166 4254 “
181 4211 231 4284 Τῶ
253 4210 458 4310 Ξενοφῶντε,
475 4212 523 4284 τῶ
542 4211 739 4296 Ποσειδῶνε,
755 4211 804 4282 τῶ
821 4216 934 4282 ταῶνε.
987 4209 1070 4281 Τοῖν
1088 4207 1187 4283 Ξενο-

106 4332 240 4428 φάντοιν,
273 4338 346 4400 τοῖν
381 4327 612 4414 Ποσειδῶνοιν,
645 4338 718 4401 τοῖν
752 4329 898 4411 παῶνοιν,
934 4328 959 4396 ῶ
991 4322 1187 4420 Ξενοφῶντα

106 4444 329 4530 δΠοσειδῶνε,
350 4443 375 4516 ῶ
399 4450 513 4517 ταῶνε.
566 4445 613 4516 Οἱ
633 4441 856 4541 Ξενοφῶντες,
873 4445 906 4514 αι’
924 4439 1135 4524 Ποσειδῶνεε,
1154 4441 1187 4508 οί
1196 4467 1233 4526 35
