2966 5014
278 323 340 390 134
566 307 769 370 ΓΕΩΡΓΙΟΤ
791 307 1085 370 ΧΟΙΡΟΒΟΣΚΟΎ
1404 303 1473 364 λανδ

276 475 511 566 ι’σοσυλλόβιις
527 478 694 550 κλιθέντα.
726 476 797 548 Καί
815 477 928 548 ι’στέον
941 477 995 548 ὅτι
1012 475 1056 548 τὸ
1073 476 1184 559 κόμης,
1197 474 1242 548 τό
1254 477 1315 546 ε’πί
1332 483 1394 559 τῆς

277 590 379 688 άξίος,
397 592 482 665 κατὰ
506 593 567 676 τὴν
588 593 772 686 ἀναλογίαν
788 592 848 675 τίιν
862 591 1062 675 Ἑλληνικὴν
1085 594 1123 663 ού
1145 591 1280 664 δύναται
1299 589 1395 688 γρά-

277 712 403 806 φεσθαι
421 705 473 780 διά
496 714 559 780 τοῦ
579 739 604 795 1,
623 706 714 780 άλλά
741 707 794 779 διά
818 713 881 779 τοῦ
904 738 937 778 ιι.
988 707 1162 780 Οὐδέποτε
1185 706 1256 805 γάρ
1274 708 1398 800 γενικὴ
1477 738 1478 794 j

277 821 330 896 διά
355 830 417 896 τοῦ
442 853 504 896 τοι
527 825 697 908 κλινομένη
722 825 893 921 ἀρσενικοῦ
916 825 984 920 ἔχει
1010 825 1044 894 έν
1067 829 1112 917 τῇ
1137 825 1397 921 παραληγούση

276 936 320 1010 τὸ
343 969 367 1020 ι,
389 935 458 1010 οίον
482 937 656 1035 Λάχητος,
677 941 832 1027 λέβητος,
856 937 1023 1038 Δάρητος,
1047 939 1196 1022 πένητος,
1219 935 1396 1023 τάπητος.
1406 961 1424 1023 5

279 1053 488 1151 Πρόσκειπαι
507 1066 527 1095 “
540 1053 713 1150 ἆρσενικᾶ”
730 1053 783 1126 διὰ
803 1053 848 1127 τὰ
870 1053 962 1153 παρὰ
979 1065 1051 1132 τοῖς
1069 1057 1229 1151 Δωριεῦσι
1249 1051 1395 1136 θηλυκά.
1478 1036 1479 1116 ί

280 1169 334 1240 Τό
351 1169 420 1268 γὰρ
438 1170 527 1253 θέμις
547 1169 684 1252 θέμιδος,
703 1171 837 1254 θέμιτος
856 1163 1014 1264 λέγουσιν
1030 1173 1063 1241 οἱ
1086 1171 1233 1266 Δωριεῖς.
1280 1167 1397 1241 Ὅθεν

277 1285 330 1355 καί
348 1283 440 1382 παρὰ
457 1291 506 1376 τῶ
523 1291 657 1379 ποιητῇ,
680 1288 735 1379 [ll.
754 1283 791 1357 ν’.
808 1290 857 1374 4.]

602 1411 665 1468 Ζεύς
678 1411 707 1466 δι’
721 1409 831 1482 Θέμιστ’
845 1411 991 1478 ἐκέλευσεν,

277 1511 362 1586 κατὰ
396 1513 608 1596 πλεονασμόν
636 1521 698 1586 ποῶ
728 1543 757 1584 1.
811 1513 880 1584 Καί
913 1513 957 1586 τὸ
985 1513 1152 1611 Ἄρτεμις
1179 1511 1394 1609 Ἀρτέμιδος
1408 1546 1441 1584 ιο

278 1627 491 1728 Ἀρτέμιτος,
519 1630 571 1700 καί
601 1625 698 1726 χάρις
726 1627 864 1726 χάριδος
893 1627 1043 1726 χάριτος.
1096 1628 1210 1700 Τοῦτο
1239 1627 1275 1698 δὲ
1306 1633 1392 1728 παρ’

279 1749 352 1830 ἡμῖν
374 1744 475 1824 ούτως
499 1742 703 1844 ἐπεκράτησε
726 1745 899 1837 λέγεσθαι,
911 1743 1006 1816 ’ὥστε
1028 1741 1083 1816 ούν
1098 1741 1141 1815 τό
1158 1743 1259 1827 κόμης
1275 1746 1392 1816 κλινό-

279 1894 374 1947 μενον
399 1861 451 1934 διᾶ
477 1867 539 1933 τοῦ
561 1890 633 1944 που,
656 1857 726 1930 οίον
748 1859 901 1942 κόμητος,
922 1860 975 1930 καί
1001 1859 1169 1957 άρσενικδν
1189 1853 1237 1942 όν,
1260 1862 1316 1931 καί
1339 1863 1390 1944 μὴ

280 1975 349 2048 ιἰπδ
372 1975 517 2073 Δωρίδας
543 1975 714 2046 διαλέκτου
739 1972 908 2058 δυνάμενον
934 1974 1012 2046 εἶναι
1037 1973 1153 2072 ῶσπερ
1174 1974 1221 2046 τά
1248 1975 1389 2064 θηλυκὰ,

281 2089 353 2162 ούδίι
378 2088 446 2188 γάρ
471 2092 546 2164 έστι
577 2088 724 2174 θηλυκὸν,
750 2092 788 2162 ού
813 2089 943 2162 δύναται
971 2087 1166 2188 γράφεσθαι
1193 2087 1246 2160 διὰ
1273 2097 1336 2162 τοῦ
1363 2121 1437 2180 1.15

281 2205 334 2278 Τό
369 2205 404 2280 δὲ
436 2209 543 2306 κύριον
573 2209 676 2292 ὄνομα
710 2204 753 2279 τὸ
784 2206 900 2290 Κόμης
930 2205 1027 2302 διχῶς
1057 2205 1166 2302 εὑρέθη
1196 2205 1390 2289 κλινόμενον

280 2321 371 2418 παρὰ
388 2332 461 2398 τοῖς
478 2323 638 2419 ἀρχαίοις,
652 2324 833 2419 εὑρίσκεται
849 2319 917 2418 γὰρ
936 2321 1056 2404 Κόμου
1073 2323 1090 2402 η’
1108 2320 1227 2412 γενικὴ,
1241 2319 1389 2398 Ἰωνικῶς

281 2434 315 2506 δὲ
330 2435 382 2506 καί
402 2435 534 2521 Κομεω,
551 2467 663 2533 ωσπερ
681 2436 855 2535 Ἀτρειδης
872 2433 1050 2533 Ἀτρειδεω
1066 2466 1110 2506 το
1127 2433 1389 2530 πατρωνυμικόν,

189 2560 230 2625 88
245 2581 264 2625 ο
280 2549 460 2646 εὑρίσκεται
479 2549 512 2622 δὲ
528 2551 580 2620 καί
599 2549 651 2622 διὰ
674 2560 736 2624 τοῦ
759 2583 820 2626 ποτ
843 2553 1030 2634 κλινόμενον
1046 2555 1097 2641 τῷ
1113 2550 1210 2643 λόγῳ
1226 2557 1293 2622 τῶν
1312 2555 1389 2634 ιάμ-

280 2667 392 2754 βικῶν,
409 2661 478 2736 οἷον
495 2664 666 2752 Κόμητος,
683 2669 722 2744 ὡς
739 2666 831 2765 παρὰ
848 2672 897 2758 τῷ
916 2663 1145 2763 Καλλιμάχῳ,
1401 2709 1439 2747 20

443 2792 573 2864 θημεχθία
586 2795 693 2848 Χελῶνα
706 2795 863 2864 κακόκνημόν
876 2814 906 2847 τε
919 2794 1034 2863 Κόμητα.

281 2896 469 2992 Μετρεῐται
493 2895 526 2966 δὲ
550 2895 636 2968 κατὰ
661 2893 836 2994 συνίζησιν,
853 2897 1012 2968 τουτέστι
1036 2894 1079 2967 τό
1097 2926 1116 2967 ιι
1133 2895 1186 2966 καί
1204 2927 1224 2968 κ
1243 2900 1288 2974 είς
1308 2899 1390 2980 μίαν

282 3011 468 3097 συλλαβὴν,
486 3008 555 3082 οίον

445 3137 588 3208 θημιΙχθία
600 3141 716 3210 χιΙλῶνο
729 3141 804 3208 καΙκό
818 3140 926 3209 κνηῙμον
939 3141 998 3194 τεκό
1015 3133 1020 3217 Ι
1038 3162 1115 3210 μητο.

283 3247 337 3321 Τό
351 3247 386 3320 δὲ
403 3261 422 3292 “
432 3247 613 3347 δημεχθέα”
626 3251 772 3334 σημαίνει
789 3249 850 3322 τὸν
865 3252 1082 3335 μεμισημένον
1093 3251 1180 3323 κατὰ
1199 3250 1260 3322 τῶν
1273 3251 1387 3336 δῆμον,
1400 3287 1436 3345 25

283 3371 382 3459 ἤγουν
397 3363 458 3438 τόν
478 3367 609 3463 ἀπεχθῆ
628 3373 676 3458 τῷ
699 3365 799 3458 δῆμιρ.
845 3365 958 3438 Ὅταν
981 3367 1015 3438 δὲ
1040 3365 1276 3455 ι’σοσνλλάβιος
1301 3371 1389 3466 εὑρε-

284 3487 366 3556 θῶσι
395 3481 438 3556 τὸ
467 3471 574 3568 κόμηςΙ
594 3483 696 3568 κόμαν
724 3484 777 3553 καί
808 3483 897 3575 γνίης
925 3484 1017 3576 γυίου
1045 3485 1227 3566 κλινόμενα,
1251 3485 1388 3581 ἔχουσιν

285 3599 476 3690 άπολογίαν
508 3601 672 3683 τοιαύτην·
707 3597 752 3670 τά
780 3597 849 3670 άπδ
878 3605 944 3670 τῶν
974 3603 1016 3677 είς
1044 3629 1066 3670 α
1097 3605 1239 3683 θηλυκῶν
1268 3604 1312 3677 εἰς
1342 3630 1386 3672 nx

285 3714 438 3805 γινόμενα
456 3716 636 3809 βαρύτονα,
653 3712 815 3810 ἀρσενικὰ,
833 3715 878 3798 μη
895 3715 1017 3810 ἔχοντα
1036 3715 1204 3812 οὐδέτερον
1221 3719 1264 3792 είς
1278 3745 1329 3800 n,
1342 3719 1387 3792 είς

285 3828 344 3909 την
362 3857 401 3898 ου
418 3827 611 3924 δίφθογγον
633 3829 746 3925 ἔχουσι
771 3831 830 3911 τὴν
851 3831 985 3921 γενικὴν,
1003 3830 1072 3901 οῖον
1088 3832 1206 3927 λέσχη,
1224 3833 1243 3902 ὁ
1260 3833 1387 3928 λέσχης
1397 3867 1435 3922 30

284 3947 346 4014 τοῦ
362 3943 498 4039 λίσχου,
516 3941 653 4041 ἆρόχνη,
671 3945 690 4014 ὁ
714 3941 857 4042 ἆρόχνης
879 3952 942 4017 τοῦ
967 3943 1122 4044 ἆρόχνου,
1139 3948 1233 4029 κόμη,
1251 3949 1270 4016 ό
1293 3948 1387 4042 άκερ-

285 4058 427 4142 σοκόμης
447 4063 516 4146 (sic)
536 4067 596 4130 τοῦ
613 4059 821 4157 άκεροκόμου,
839 4059 917 4144 δίκη,
935 4060 1142 4145 έλλανοδίκης
1164 4061 1385 4144 ἓλλανοδίκου,

286 4175 375 4266 γυνίι,
398 4175 417 4244 ὁ
439 4176 615 4266 μισογύνης
637 4182 698 4246 τοῦ
721 4178 912 4268 μισογύνου,
930 4179 1041 4274 χαίτη,
1059 4179 1078 4246 ὁ
1095 4179 1308 4274 κυανοχαίτης
1323 4185 1387 4250 τοῦ

285 4291 510 4387 κυαναχαίτου,
527 4292 639 4388 τέχνη,
662 4293 680 4362 ὁ
704 4293 922 4388 κλυτοτέχνης
944 4299 1006 4364 τοῦ
1030 4293 1261 4389 κλυτοπέχνου,
1285 4293 1386 4370 οὗτος

285 4403 338 4478 οὖν
350 4405 402 4476 καί
419 4408 545 4490 κόμηὸ
565 4406 680 4490 Κύμης
692 4414 753 4478 τοῦ
772 4407 899 4490 Κόμου,
914 4410 1002 4498 (ἔστι
1018 4407 1052 4480 δὲ
1069 4409 1170 4490 ὄνομα
1184 4411 1317 4507 κύριον.)
1331 4409 1384 4482 καί
1393 4441 1427 4498 ³5
