<?xml version="1.0" encoding="UTF-8"?>
<!DOCTYPE html PUBLIC "-//W3C//DTD XHTML 1.0 Transitional//EN"
    "http://www.w3.org/TR/xhtml1/DTD/xhtml1-transitional.dtd">
<html xmlns="http://www.w3.org/1999/xhtml" xml:lang="en" lang="en">
 <head>
  <title>
</title>
<meta http-equiv="Content-Type" content="text/html;charset=utf-8" />
  <meta name='ocr-system' content='tesseract 3.04.00' />
  <meta name='ocr-capabilities' content='ocr_page ocr_carea ocr_par ocr_line ocrx_word'/>
</head>
<body>
  <div class='ocr_page' id='page_1' title='image "./georgiichoerobo00choegoog_0461.png"; bbox 0 0 2958 5018; ppageno 0'>
   <div class='ocr_carea' id='block_1_1' title="bbox 301 291 1110 378">
    <p class='ocr_par' dir='ltr' id='par_1_1' title="bbox 301 291 1110 378">
     <span class='ocr_line' id='line_1_1' title="bbox 301 291 1110 378; baseline -0.005 -22"><span class='ocrx_word' id='word_1_1' title='bbox 301 291 365 378; x_wconf 79' lang='lat'>328</span> <span class='ocrx_word' id='word_1_2' title='bbox 595 295 796 356; x_wconf 78' lang='grc' dir='ltr'><strong>ΓΕΩΡΓΙΟΤ</strong></span> <span class='ocrx_word' id='word_1_3' title='bbox 818 293 1110 356; x_wconf 71' lang='lat' dir='ltr'>xowonozmr</span> 
     </span>
    </p>
   </div>
   <div class='ocr_carea' id='block_1_2' title="bbox 197 459 1459 1716">
    <p class='ocr_par' dir='ltr' id='par_1_2' title="bbox 197 459 1459 1716">
     <span class='ocr_line' id='line_1_2' title="bbox 301 459 1417 548; baseline -0.006 -11"><span class='ocrx_word' id='word_1_4' title='bbox 301 465 409 548; x_wconf 84' lang='grc' dir='ltr'>μαῦσα</span> <span class='ocrx_word' id='word_1_5' title='bbox 435 475 509 536; x_wconf 99' lang='grc' dir='ltr'>ταῖν</span> <span class='ocrx_word' id='word_1_6' title='bbox 525 465 671 548; x_wconf 81' lang='grc' dir='ltr'>μοιίσαιν,</span> <span class='ocrx_word' id='word_1_7' title='bbox 688 496 733 534; x_wconf 90' lang='grc' dir='ltr'>τα</span> <span class='ocrx_word' id='word_1_8' title='bbox 748 462 873 533; x_wconf 76' lang='grc' dir='ltr'>Ἑλένα</span> <span class='ocrx_word' id='word_1_9' title='bbox 893 473 968 534; x_wconf 89' lang='grc' dir='ltr'>ταῖν</span> <span class='ocrx_word' id='word_1_10' title='bbox 985 461 1151 542; x_wconf 76' lang='grc' dir='ltr'>Ἑλέναιν,</span> <span class='ocrx_word' id='word_1_11' title='bbox 1167 459 1215 531; x_wconf 77' lang='grc' dir='ltr'>τὰ</span> <span class='ocrx_word' id='word_1_12' title='bbox 1232 464 1318 544; x_wconf 85' lang='grc' dir='ltr'>μαῖα</span> <span class='ocrx_word' id='word_1_13' title='bbox 1336 474 1417 532; x_wconf 79' lang='grc' dir='ltr'>ταῖν</span> 
     </span>
     <span class='ocr_line' id='line_1_3' title="bbox 301 579 914 679; baseline -0.005 -27"><span class='ocrx_word' id='word_1_14' title='bbox 301 583 422 666; x_wconf 90' lang='grc' dir='ltr'>μαίαιν,</span> <span class='ocrx_word' id='word_1_15' title='bbox 439 579 484 654; x_wconf 77' lang='grc' dir='ltr'>τὰ</span> <span class='ocrx_word' id='word_1_16' title='bbox 501 582 634 679; x_wconf 86' lang='grc' dir='ltr'>σφαῖρα</span> <span class='ocrx_word' id='word_1_17' title='bbox 650 591 725 653; x_wconf 90' lang='grc' dir='ltr'>ταῖν</span> <span class='ocrx_word' id='word_1_18' title='bbox 741 581 914 678; x_wconf 88' lang='grc' dir='ltr'>σφαῖραιν.</span> 
     </span>
     <span class='ocr_line' id='line_1_4' title="bbox 354 695 1421 792; baseline -0.002 -26"><span class='ocrx_word' id='word_1_19' title='bbox 354 697 431 766; x_wconf 83' lang='grc' dir='ltr'>“Ὧ</span> <span class='ocrx_word' id='word_1_20' title='bbox 448 703 568 782; x_wconf 79' lang='grc' dir='ltr'>μοῦσα,</span> <span class='ocrx_word' id='word_1_21' title='bbox 583 697 609 768; x_wconf 67' lang='lat' dir='ltr'><strong>d</strong></span> <span class='ocrx_word' id='word_1_22' title='bbox 624 707 717 780; x_wconf 91' lang='grc' dir='ltr'>μαῖα,</span> <span class='ocrx_word' id='word_1_23' title='bbox 733 698 759 766; x_wconf 72' lang='grc' dir='ltr'><em>ὅ</em></span> <span class='ocrx_word' id='word_1_24' title='bbox 775 697 918 792; x_wconf 86' lang='grc' dir='ltr'>σφαῖρα.</span> <span class='ocrx_word' id='word_1_25' title='bbox 969 695 1018 766; x_wconf 64' lang='lat' dir='ltr'>A}</span> <span class='ocrx_word' id='word_1_26' title='bbox 1037 700 1170 778; x_wconf 82' lang='grc' dir='ltr'>μοῦσαι,</span> <span class='ocrx_word' id='word_1_27' title='bbox 1188 697 1225 763; x_wconf 87' lang='grc' dir='ltr'>αῖ</span> <span class='ocrx_word' id='word_1_28' title='bbox 1244 706 1363 778; x_wconf 82' lang='grc' dir='ltr'>μαῖαι,</span> <span class='ocrx_word' id='word_1_29' title='bbox 1384 699 1421 764; x_wconf 84' lang='grc' dir='ltr'>αῖ</span> 
     </span>
     <span class='ocr_line' id='line_1_5' title="bbox 302 815 479 910; baseline -0.006 -26"><span class='ocrx_word' id='word_1_30' title='bbox 302 815 479 910; x_wconf 91' lang='grc' dir='ltr'>σφαῖραι.”</span> 
     </span>
     <span class='ocr_line' id='line_1_6' title="bbox 353 925 1445 1026; baseline -0.005 -27"><span class='ocrx_word' id='word_1_31' title='bbox 353 927 497 1026; x_wconf 86' lang='grc' dir='ltr'>Εῖρηται</span> <span class='ocrx_word' id='word_1_32' title='bbox 516 928 569 999; x_wconf 80' lang='grc' dir='ltr'>ὅτι</span> <span class='ocrx_word' id='word_1_33' title='bbox 587 931 682 998; x_wconf 81' lang='grc' dir='ltr'>πᾶσα</span> <span class='ocrx_word' id='word_1_34' title='bbox 699 927 802 998; x_wconf 76' lang='grc' dir='ltr'>εήθεῖα</span> <span class='ocrx_word' id='word_1_35' title='bbox 820 925 929 996; x_wconf 77' lang='grc' dir='ltr'>θυῖκῖιν</span> <span class='ocrx_word' id='word_1_36' title='bbox 945 927 988 1002; x_wconf 86' lang='grc' dir='ltr'>είς</span> <span class='ocrx_word' id='word_1_37' title='bbox 1006 955 1026 995; x_wconf 81' lang='grc' dir='ltr'>κ</span> <span class='ocrx_word' id='word_1_38' title='bbox 1042 929 1197 1018; x_wconf 85' lang='grc' dir='ltr'>λήγουσα</span> <span class='ocrx_word' id='word_1_39' title='bbox 1221 925 1419 1021; x_wconf 74' lang='grc' dir='ltr'>προσθέσει</span> <span class='ocrx_word' id='word_1_40' title='bbox 1429 947 1445 1003; x_wconf 81' lang='lat'>5</span> 
     </span>
     <span class='ocr_line' id='line_1_7' title="bbox 301 1038 1424 1135; baseline -0.005 -21"><span class='ocrx_word' id='word_1_41' title='bbox 301 1050 364 1114; x_wconf 83' lang='grc' dir='ltr'>τοῦ</span> <span class='ocrx_word' id='word_1_42' title='bbox 385 1073 396 1114; x_wconf 85' lang='grc' dir='ltr'>ι</span> <span class='ocrx_word' id='word_1_43' title='bbox 420 1053 510 1116; x_wconf 90' lang='grc' dir='ltr'>ποιεῖ</span> <span class='ocrx_word' id='word_1_44' title='bbox 527 1043 587 1126; x_wconf 89' lang='grc' dir='ltr'>τήν</span> <span class='ocrx_word' id='word_1_45' title='bbox 604 1044 724 1114; x_wconf 84' lang='grc' dir='ltr'>ειῖθεῖαν</span> <span class='ocrx_word' id='word_1_46' title='bbox 740 1047 805 1112; x_wconf 82' lang='grc' dir='ltr'>τῶν</span> <span class='ocrx_word' id='word_1_47' title='bbox 823 1045 1053 1124; x_wconf 74' lang='grc' dir='ltr'>πληθυντικῶν,</span> <span class='ocrx_word' id='word_1_48' title='bbox 1071 1039 1141 1110; x_wconf 82' lang='grc' dir='ltr'>οἷον</span> <span class='ocrx_word' id='word_1_49' title='bbox 1156 1038 1202 1112; x_wconf 77' lang='grc' dir='ltr'>τὰ</span> <span class='ocrx_word' id='word_1_50' title='bbox 1228 1041 1359 1135; x_wconf 80' lang='grc' dir='ltr'>καχλῖα</span> <span class='ocrx_word' id='word_1_51' title='bbox 1383 1043 1424 1108; x_wconf 80' lang='grc' dir='ltr'>α’</span> 
     </span>
     <span class='ocr_line' id='line_1_8' title="bbox 263 1154 1417 1257; baseline -0.01 -23"><span class='ocrx_word' id='word_1_52' title='bbox 263 1219 271 1234; x_wconf 96' lang='grc'>.</span> <span class='ocrx_word' id='word_1_53' title='bbox 300 1160 445 1257; x_wconf 85' lang='grc' dir='ltr'>κοχλίαι,</span> <span class='ocrx_word' id='word_1_54' title='bbox 462 1157 507 1230; x_wconf 78' lang='grc' dir='ltr'>τὰ</span> <span class='ocrx_word' id='word_1_55' title='bbox 522 1157 647 1230; x_wconf 83' lang='grc' dir='ltr'>Ἑλένα</span> <span class='ocrx_word' id='word_1_56' title='bbox 664 1160 699 1228; x_wconf 86' lang='grc' dir='ltr'>αῖ</span> <span class='ocrx_word' id='word_1_57' title='bbox 712 1157 859 1238; x_wconf 77' lang='grc' dir='ltr'>Ἑλέναν,</span> <span class='ocrx_word' id='word_1_58' title='bbox 876 1154 922 1228; x_wconf 82' lang='grc' dir='ltr'>τὰ</span> <span class='ocrx_word' id='word_1_59' title='bbox 938 1158 1046 1240; x_wconf 79' lang='grc' dir='ltr'>μοίσα</span> <span class='ocrx_word' id='word_1_60' title='bbox 1063 1159 1098 1228; x_wconf 88' lang='grc' dir='ltr'>οῖ</span> <span class='ocrx_word' id='word_1_61' title='bbox 1112 1163 1249 1240; x_wconf 79' lang='grc' dir='ltr'>μοῦσαι,</span> <span class='ocrx_word' id='word_1_62' title='bbox 1261 1154 1310 1228; x_wconf 67' lang='grc' dir='ltr'>τὰ</span> <span class='ocrx_word' id='word_1_63' title='bbox 1326 1157 1417 1238; x_wconf 81' lang='grc' dir='ltr'>μαῖα</span> 
     </span>
     <span class='ocr_line' id='line_1_9' title="bbox 301 1272 891 1371; baseline -0.007 -25"><span class='ocrx_word' id='word_1_64' title='bbox 301 1277 336 1346; x_wconf 87' lang='grc' dir='ltr'>αῖ</span> <span class='ocrx_word' id='word_1_65' title='bbox 351 1272 518 1360; x_wconf 88' lang='grc' dir='ltr'>μαῖαι,τᾶ</span> <span class='ocrx_word' id='word_1_66' title='bbox 536 1275 668 1371; x_wconf 85' lang='grc' dir='ltr'>σφαῖρα</span> <span class='ocrx_word' id='word_1_67' title='bbox 685 1275 720 1342; x_wconf 88' lang='grc' dir='ltr'>αῖ</span> <span class='ocrx_word' id='word_1_68' title='bbox 736 1277 891 1370; x_wconf 80' lang='grc' dir='ltr'>σφαῖραι.</span> 
     </span>
     <span class='ocr_line' id='line_1_10' title="bbox 197 1389 1416 1487; baseline -0.007 -23"><span class='ocrx_word' id='word_1_69' title='bbox 197 1401 259 1482; x_wconf 87' lang='lat'>164</span> <span class='ocrx_word' id='word_1_70' title='bbox 272 1425 292 1466; x_wconf 84' lang='grc' dir='ltr'>α</span> <span class='ocrx_word' id='word_1_71' title='bbox 352 1397 374 1432; x_wconf 88' lang='grc'><strong>“</strong></span> <span class='ocrx_word' id='word_1_72' title='bbox 393 1390 468 1460; x_wconf 85' lang='grc' dir='ltr'>Τιῖιν</span> <span class='ocrx_word' id='word_1_73' title='bbox 495 1395 633 1472; x_wconf 78' lang='grc' dir='ltr'>μουσῶν,</span> <span class='ocrx_word' id='word_1_74' title='bbox 655 1393 721 1461; x_wconf 78' lang='grc' dir='ltr'>τῶν</span> <span class='ocrx_word' id='word_1_75' title='bbox 746 1393 858 1473; x_wconf 84' lang='grc' dir='ltr'>μαιῶν,</span> <span class='ocrx_word' id='word_1_76' title='bbox 879 1393 944 1459; x_wconf 78' lang='grc' dir='ltr'>τῶν</span> <span class='ocrx_word' id='word_1_77' title='bbox 971 1393 1137 1487; x_wconf 79' lang='grc' dir='ltr'>σφαιριῖν,</span> <span class='ocrx_word' id='word_1_78' title='bbox 1158 1397 1234 1466; x_wconf 88' lang='grc' dir='ltr'>ταῖς</span> <span class='ocrx_word' id='word_1_79' title='bbox 1256 1389 1416 1470; x_wconf 83' lang='grc' dir='ltr'>μοιῖααις,</span> 
     </span>
     <span class='ocr_line' id='line_1_11' title="bbox 298 1501 1459 1602; baseline -0.009 -25"><span class='ocrx_word' id='word_1_80' title='bbox 298 1515 372 1584; x_wconf 89' lang='grc' dir='ltr'>ταῖς</span> <span class='ocrx_word' id='word_1_81' title='bbox 388 1505 558 1602; x_wconf 89' lang='grc' dir='ltr'>σφαίραις.</span> <span class='ocrx_word' id='word_1_82' title='bbox 610 1502 683 1582; x_wconf 82' lang='grc' dir='ltr'>Τὰς</span> <span class='ocrx_word' id='word_1_83' title='bbox 706 1505 840 1587; x_wconf 75' lang='grc' dir='ltr'>μούσας,</span> <span class='ocrx_word' id='word_1_84' title='bbox 858 1501 918 1581; x_wconf 75' lang='grc' dir='ltr'>τὰς</span> <span class='ocrx_word' id='word_1_85' title='bbox 942 1505 1049 1588; x_wconf 85' lang='grc' dir='ltr'>μαίας,</span> <span class='ocrx_word' id='word_1_86' title='bbox 1071 1503 1134 1584; x_wconf 74' lang='grc' dir='ltr'>τὰς</span> <span class='ocrx_word' id='word_1_87' title='bbox 1153 1506 1316 1602; x_wconf 81' lang='grc' dir='ltr'>σφαίρας.</span> <span class='ocrx_word' id='word_1_88' title='bbox 1361 1503 1417 1573; x_wconf 79' lang='grc' dir='ltr'>Ὦ</span> <span class='ocrx_word' id='word_1_89' title='bbox 1430 1530 1459 1567; x_wconf 85' lang='lat'>1:</span> 
     </span>
     <span class='ocr_line' id='line_1_12' title="bbox 297 1618 828 1716; baseline -0.013 -22"><span class='ocrx_word' id='word_1_90' title='bbox 297 1626 431 1707; x_wconf 77' lang='grc' dir='ltr'>μοῦσαι,</span> <span class='ocrx_word' id='word_1_91' title='bbox 447 1618 473 1692; x_wconf 80' lang='grc' dir='ltr'>ιῖ</span> <span class='ocrx_word' id='word_1_92' title='bbox 487 1629 592 1703; x_wconf 86' lang='grc' dir='ltr'>μαῖαι,</span> <span class='ocrx_word' id='word_1_93' title='bbox 609 1620 637 1691; x_wconf 80' lang='grc' dir='ltr'>αῖ</span> <span class='ocrx_word' id='word_1_94' title='bbox 652 1621 828 1716; x_wconf 87' lang='grc' dir='ltr'>σφαῖραι.”</span> 
     </span>
    </p>
   </div>
   <div class='ocr_carea' id='block_1_3' title="bbox 297 1830 1477 4124">
    <p class='ocr_par' dir='ltr' id='par_1_3' title="bbox 740 1830 961 1928">
     <span class='ocr_line' id='line_1_13' title="bbox 740 1830 961 1928; baseline 0 -22"><span class='ocrx_word' id='word_1_95' title='bbox 740 1830 877 1926; x_wconf 71' lang='grc' dir='ltr'>[Κινέα</span> <span class='ocrx_word' id='word_1_96' title='bbox 907 1831 961 1928; x_wconf 77' lang='grc' dir='ltr'>ι’.]</span> 
     </span>
    </p>

    <p class='ocr_par' dir='ltr' id='par_1_4' title="bbox 297 1964 1456 2757">
     <span class='ocr_line' id='line_1_14' title="bbox 349 1964 1413 2063; baseline -0.002 -24"><span class='ocrx_word' id='word_1_97' title='bbox 349 1967 478 2040; x_wconf 85' lang='grc' dir='ltr'>Ἰστέαν</span> <span class='ocrx_word' id='word_1_98' title='bbox 504 1969 559 2040; x_wconf 84' lang='grc' dir='ltr'>ὅτι</span> <span class='ocrx_word' id='word_1_99' title='bbox 584 1966 630 2039; x_wconf 85' lang='grc' dir='ltr'>τὰ</span> <span class='ocrx_word' id='word_1_100' title='bbox 655 1971 698 2044; x_wconf 85' lang='grc' dir='ltr'>εῖς</span> <span class='ocrx_word' id='word_1_101' title='bbox 722 1996 745 2038; x_wconf 80' lang='grc' dir='ltr'>ιι</span> <span class='ocrx_word' id='word_1_102' title='bbox 772 1970 925 2059; x_wconf 91' lang='grc' dir='ltr'>λήγοντα</span> <span class='ocrx_word' id='word_1_103' title='bbox 951 1964 1072 2050; x_wconf 81' lang='grc' dir='ltr'>θηλυκὰ</span> <span class='ocrx_word' id='word_1_104' title='bbox 1095 1967 1280 2063; x_wconf 73' lang='grc' dir='ltr'>προσθέσει</span> <span class='ocrx_word' id='word_1_105' title='bbox 1304 1974 1371 2038; x_wconf 81' lang='grc' dir='ltr'>τοῖν</span> <span class='ocrx_word' id='word_1_106' title='bbox 1392 1997 1413 2037; x_wconf 76' lang='lat'>1</span> 
     </span>
     <span class='ocr_line' id='line_1_15' title="bbox 298 2078 1414 2180; baseline -0.002 -26"><span class='ocrx_word' id='word_1_107' title='bbox 298 2089 430 2154; x_wconf 78' lang='grc' dir='ltr'>ποιοῦσι</span> <span class='ocrx_word' id='word_1_108' title='bbox 458 2083 519 2167; x_wconf 87' lang='grc' dir='ltr'>τήν</span> <span class='ocrx_word' id='word_1_109' title='bbox 548 2084 683 2176; x_wconf 87' lang='grc' dir='ltr'>γενικήν,</span> <span class='ocrx_word' id='word_1_110' title='bbox 713 2078 782 2152; x_wconf 81' lang='grc' dir='ltr'>οῖον</span> <span class='ocrx_word' id='word_1_111' title='bbox 806 2081 891 2164; x_wconf 87' lang='grc' dir='ltr'>καλή</span> <span class='ocrx_word' id='word_1_112' title='bbox 914 2089 1026 2167; x_wconf 74' lang='grc' dir='ltr'>καλῆς,</span> <span class='ocrx_word' id='word_1_113' title='bbox 1049 2081 1244 2178; x_wconf 79' lang='grc' dir='ltr'>Ἀφροδίτη</span> <span class='ocrx_word' id='word_1_114' title='bbox 1269 2081 1414 2180; x_wconf 85' lang='grc' dir='ltr'>Ἀφρα-</span> 
     </span>
     <span class='ocr_line' id='line_1_16' title="bbox 299 2196 1456 2290; baseline 0.003 -20"><span class='ocrx_word' id='word_1_115' title='bbox 299 2196 398 2284; x_wconf 76' lang='grc' dir='ltr'>δίτης,</span> <span class='ocrx_word' id='word_1_116' title='bbox 433 2199 512 2283; x_wconf 89' lang='grc' dir='ltr'>τιμή</span> <span class='ocrx_word' id='word_1_117' title='bbox 551 2207 656 2282; x_wconf 76' lang='grc' dir='ltr'>τιμῖις,</span> <span class='ocrx_word' id='word_1_118' title='bbox 690 2197 812 2280; x_wconf 78' lang='grc' dir='ltr'>μελέτη</span> <span class='ocrx_word' id='word_1_119' title='bbox 846 2197 994 2282; x_wconf 75' lang='grc' dir='ltr'>μελέτης·</span> <span class='ocrx_word' id='word_1_120' title='bbox 1053 2198 1128 2270; x_wconf 80' lang='grc' dir='ltr'>ὅθεν</span> <span class='ocrx_word' id='word_1_121' title='bbox 1161 2199 1220 2280; x_wconf 88' lang='grc' dir='ltr'>τήν</span> <span class='ocrx_word' id='word_1_122' title='bbox 1255 2197 1413 2290; x_wconf 72' lang='grc' dir='ltr'>γυναικὸς</span> <span class='ocrx_word' id='word_1_123' title='bbox 1426 2227 1456 2282; x_wconf 75' lang='lat'>13</span> 
     </span>
     <span class='ocr_line' id='line_1_17' title="bbox 299 2311 1414 2410; baseline 0 -24"><span class='ocrx_word' id='word_1_124' title='bbox 299 2315 424 2408; x_wconf 88' lang='grc' dir='ltr'>γενικήν</span> <span class='ocrx_word' id='word_1_125' title='bbox 441 2312 510 2386; x_wconf 77' lang='grc' dir='ltr'>ἀπὸ</span> <span class='ocrx_word' id='word_1_126' title='bbox 526 2321 585 2397; x_wconf 74' lang='grc' dir='ltr'>τῆς</span> <span class='ocrx_word' id='word_1_127' title='bbox 602 2311 718 2408; x_wconf 78' lang='grc' dir='ltr'>γίνοιξ</span> <span class='ocrx_word' id='word_1_128' title='bbox 732 2314 852 2391; x_wconf 73' lang='grc' dir='ltr'>εὐθείας</span> <span class='ocrx_word' id='word_1_129' title='bbox 876 2314 1045 2386; x_wconf 81' lang='grc' dir='ltr'>κεκλίσθαι</span> <span class='ocrx_word' id='word_1_130' title='bbox 1064 2313 1174 2410; x_wconf 79' lang='grc' dir='ltr'>φαμὲν</span> <span class='ocrx_word' id='word_1_131' title='bbox 1189 2315 1242 2386; x_wconf 84' lang='grc' dir='ltr'>καῖ</span> <span class='ocrx_word' id='word_1_132' title='bbox 1260 2317 1319 2388; x_wconf 77' lang='grc' dir='ltr'>οὐκ</span> <span class='ocrx_word' id='word_1_133' title='bbox 1339 2315 1414 2387; x_wconf 76' lang='grc' dir='ltr'>ἀπὸ</span> 
     </span>
     <span class='ocr_line' id='line_1_18' title="bbox 297 2427 1414 2526; baseline 0.004 -25"><span class='ocrx_word' id='word_1_134' title='bbox 297 2435 359 2501; x_wconf 80' lang='grc' dir='ltr'>τοῦ</span> <span class='ocrx_word' id='word_1_135' title='bbox 375 2429 464 2522; x_wconf 90' lang='grc' dir='ltr'>γυνή,</span> <span class='ocrx_word' id='word_1_136' title='bbox 482 2429 551 2500; x_wconf 82' lang='grc' dir='ltr'>έπεῖ</span> <span class='ocrx_word' id='word_1_137' title='bbox 569 2437 628 2513; x_wconf 71' lang='grc' dir='ltr'>τῆς</span> <span class='ocrx_word' id='word_1_138' title='bbox 645 2438 739 2523; x_wconf 76' lang='grc' dir='ltr'>γονῆς</span> <span class='ocrx_word' id='word_1_139' title='bbox 763 2427 848 2526; x_wconf 81' lang='grc' dir='ltr'>εῖχεν</span> <span class='ocrx_word' id='word_1_140' title='bbox 865 2427 955 2501; x_wconf 81' lang='grc' dir='ltr'>εῖναι.</span> <span class='ocrx_word' id='word_1_141' title='bbox 999 2428 1085 2501; x_wconf 82' lang='grc' dir='ltr'>’Ότι</span> <span class='ocrx_word' id='word_1_142' title='bbox 1111 2429 1147 2502; x_wconf 79' lang='grc' dir='ltr'>δέ</span> <span class='ocrx_word' id='word_1_143' title='bbox 1169 2439 1229 2514; x_wconf 72' lang='grc' dir='ltr'>τῆς</span> <span class='ocrx_word' id='word_1_144' title='bbox 1254 2431 1414 2524; x_wconf 72' lang='grc' dir='ltr'>γυναικὸς</span> 
     </span>
     <span class='ocr_line' id='line_1_19' title="bbox 299 2541 1414 2640; baseline 0.005 -26"><span class='ocrx_word' id='word_1_145' title='bbox 299 2553 422 2636; x_wconf 75' lang='grc' dir='ltr'>γενικῆς</span> <span class='ocrx_word' id='word_1_146' title='bbox 440 2541 556 2638; x_wconf 77' lang='grc' dir='ltr'>γίναιξ</span> <span class='ocrx_word' id='word_1_147' title='bbox 570 2545 663 2616; x_wconf 82' lang='grc' dir='ltr'>ε’σπῖν</span> <span class='ocrx_word' id='word_1_148' title='bbox 680 2549 698 2627; x_wconf 90' lang='grc' dir='ltr'>ή</span> <span class='ocrx_word' id='word_1_149' title='bbox 715 2546 829 2628; x_wconf 84' lang='grc' dir='ltr'>ειῖθεῖα,</span> <span class='ocrx_word' id='word_1_150' title='bbox 847 2546 937 2640; x_wconf 84' lang='grc' dir='ltr'>έντῇ</span> <span class='ocrx_word' id='word_1_151' title='bbox 954 2543 1149 2638; x_wconf 79' lang='grc' dir='ltr'>διδασκαλίᾳ</span> <span class='ocrx_word' id='word_1_152' title='bbox 1171 2556 1231 2629; x_wconf 74' lang='grc' dir='ltr'>τῖς</span> <span class='ocrx_word' id='word_1_153' title='bbox 1250 2555 1414 2632; x_wconf 74' lang='grc' dir='ltr'>κλητικῆς</span> 
     </span>
     <span class='ocr_line' id='line_1_20' title="bbox 297 2657 1112 2757; baseline -0.001 -23"><span class='ocrx_word' id='word_1_154' title='bbox 297 2665 360 2734; x_wconf 82' lang='grc' dir='ltr'>τοῦ</span> <span class='ocrx_word' id='word_1_155' title='bbox 377 2657 490 2757; x_wconf 80' lang='grc' dir='ltr'>θώραξ</span> <span class='ocrx_word' id='word_1_156' title='bbox 503 2665 742 2744; x_wconf 76' lang='grc' dir='ltr'>μεμαθήκαμεν.</span> <span class='ocrx_word' id='word_1_157' title='bbox 794 2661 912 2734; x_wconf 80' lang='grc' dir='ltr'>Ταῦτα</span> <span class='ocrx_word' id='word_1_158' title='bbox 928 2660 987 2744; x_wconf 80' lang='grc' dir='ltr'>μὲν</span> <span class='ocrx_word' id='word_1_159' title='bbox 1003 2659 1112 2740; x_wconf 64' lang='grc' dir='ltr'>οὕτως.</span> 
     </span>
    </p>

    <p class='ocr_par' dir='ltr' id='par_1_5' title="bbox 299 2773 1477 3566">
     <span class='ocr_line' id='line_1_21' title="bbox 339 2773 1457 2876; baseline -0.002 -30"><span class='ocrx_word' id='word_1_160' title='bbox 339 2773 465 2870; x_wconf 79' lang='grc' dir='ltr'>Ἀξιαν</span> <span class='ocrx_word' id='word_1_161' title='bbox 481 2774 516 2848; x_wconf 80' lang='grc' dir='ltr'>θέ</span> <span class='ocrx_word' id='word_1_162' title='bbox 532 2777 606 2850; x_wconf 76' lang='grc' dir='ltr'>ἐστὶ</span> <span class='ocrx_word' id='word_1_163' title='bbox 625 2774 767 2876; x_wconf 80' lang='grc' dir='ltr'>ζητήσαι</span> <span class='ocrx_word' id='word_1_164' title='bbox 786 2775 874 2850; x_wconf 79' lang='grc' dir='ltr'>θιατί</span> <span class='ocrx_word' id='word_1_165' title='bbox 898 2776 940 2849; x_wconf 80' lang='grc' dir='ltr'>τὸ</span> <span class='ocrx_word' id='word_1_166' title='bbox 962 2779 1039 2870; x_wconf 91' lang='grc' dir='ltr'>γυνή</span> <span class='ocrx_word' id='word_1_167' title='bbox 1056 2775 1193 2850; x_wconf 80' lang='grc' dir='ltr'>ἅκλιτιῖν</span> <span class='ocrx_word' id='word_1_168' title='bbox 1210 2779 1314 2860; x_wconf 74' lang='grc' dir='ltr'>ἔστιν,</span> <span class='ocrx_word' id='word_1_169' title='bbox 1335 2781 1414 2852; x_wconf 78' lang='grc' dir='ltr'>οὐδὲ</span> <span class='ocrx_word' id='word_1_170' title='bbox 1426 2810 1457 2848; x_wconf 82' lang='grc' dir='ltr'>ι;</span> 
     </span>
     <span class='ocr_line' id='line_1_22' title="bbox 299 2867 1477 2989; baseline 0.006 -27"><span class='ocrx_word' id='word_1_171' title='bbox 299 2889 369 2989; x_wconf 77' lang='grc' dir='ltr'>γέιρ</span> <span class='ocrx_word' id='word_1_172' title='bbox 385 2892 528 2985; x_wconf 88' lang='grc' dir='ltr'>λέγομεν</span> <span class='ocrx_word' id='word_1_173' title='bbox 545 2901 604 2975; x_wconf 78' lang='grc' dir='ltr'>τῆς</span> <span class='ocrx_word' id='word_1_174' title='bbox 629 2901 733 2986; x_wconf 81' lang='grc' dir='ltr'>γυνῆς·</span> <span class='ocrx_word' id='word_1_175' title='bbox 757 2893 810 2964; x_wconf 81' lang='grc' dir='ltr'>καῖ</span> <span class='ocrx_word' id='word_1_176' title='bbox 830 2894 923 2966; x_wconf 82' lang='grc' dir='ltr'>ἔστιν</span> <span class='ocrx_word' id='word_1_177' title='bbox 940 2897 1040 2965; x_wconf 75' lang='grc' dir='ltr'>εἰπεῖν</span> <span class='ocrx_word' id='word_1_178' title='bbox 1055 2894 1177 2976; x_wconf 78' lang='grc' dir='ltr'>ταίκιην</span> <span class='ocrx_word' id='word_1_179' title='bbox 1193 2896 1255 2978; x_wconf 84' lang='grc' dir='ltr'>τήν</span> <span class='ocrx_word' id='word_1_180' title='bbox 1271 2895 1412 2968; x_wconf 83' lang='grc' dir='ltr'>ιἰπολο·</span> <span class='ocrx_word' id='word_1_181' title='bbox 1476 2867 1477 2921; x_wconf 34' lang='lat'>¹</span> 
     </span>
     <span class='ocr_line' id='line_1_23' title="bbox 299 3007 1413 3108; baseline 0.005 -31"><span class='ocrx_word' id='word_1_182' title='bbox 299 3008 386 3100; x_wconf 87' lang='grc' dir='ltr'>γίαν,</span> <span class='ocrx_word' id='word_1_183' title='bbox 414 3007 468 3080; x_wconf 79' lang='grc' dir='ltr'>ὅτι</span> <span class='ocrx_word' id='word_1_184' title='bbox 499 3007 543 3082; x_wconf 83' lang='grc' dir='ltr'>τὰ</span> <span class='ocrx_word' id='word_1_185' title='bbox 574 3011 617 3086; x_wconf 83' lang='grc' dir='ltr'>εῖς</span> <span class='ocrx_word' id='word_1_186' title='bbox 648 3039 694 3080; x_wconf 78' lang='grc' dir='ltr'>κα</span> <span class='ocrx_word' id='word_1_187' title='bbox 724 3013 876 3102; x_wconf 77' lang='grc' dir='ltr'>λήγοντα</span> <span class='ocrx_word' id='word_1_188' title='bbox 904 3008 1105 3096; x_wconf 73' lang='grc' dir='ltr'>δισύλλαβα,</span> <span class='ocrx_word' id='word_1_189' title='bbox 1128 3016 1178 3100; x_wconf 71' lang='grc' dir='ltr'>τῷ</span> <span class='ocrx_word' id='word_1_190' title='bbox 1202 3040 1222 3082; x_wconf 87' lang='grc' dir='ltr'>τ</span> <span class='ocrx_word' id='word_1_191' title='bbox 1251 3022 1413 3108; x_wconf 79' lang='grc' dir='ltr'>παραλη-</span> 
     </span>
     <span class='ocr_line' id='line_1_24' title="bbox 299 3121 1411 3224; baseline 0.004 -33"><span class='ocrx_word' id='word_1_192' title='bbox 299 3121 436 3214; x_wconf 80' lang='grc' dir='ltr'>γόμενα,</span> <span class='ocrx_word' id='word_1_193' title='bbox 462 3123 675 3207; x_wconf 78' lang='grc' dir='ltr'>ἐκτεταμένον</span> <span class='ocrx_word' id='word_1_194' title='bbox 694 3125 809 3221; x_wconf 81' lang='grc' dir='ltr'>έχουσι</span> <span class='ocrx_word' id='word_1_195' title='bbox 832 3155 875 3198; x_wconf 89' lang='grc' dir='ltr'>τα</span> <span class='ocrx_word' id='word_1_196' title='bbox 900 3155 929 3208; x_wconf 77' lang='grc' dir='ltr'>τ,</span> <span class='ocrx_word' id='word_1_197' title='bbox 955 3123 1024 3198; x_wconf 84' lang='grc' dir='ltr'>οῖον</span> <span class='ocrx_word' id='word_1_198' title='bbox 1048 3125 1139 3210; x_wconf 77' lang='grc' dir='ltr'>μήνη,</span> <span class='ocrx_word' id='word_1_199' title='bbox 1161 3127 1194 3214; x_wconf 82' lang='grc' dir='ltr'>(ή</span> <span class='ocrx_word' id='word_1_200' title='bbox 1221 3132 1411 3224; x_wconf 78' lang='grc' dir='ltr'>προτροπή</span> 
     </span>
     <span class='ocr_line' id='line_1_25' title="bbox 299 3235 1410 3340; baseline 0.005 -34"><span class='ocrx_word' id='word_1_201' title='bbox 299 3235 352 3307; x_wconf 84' lang='grc' dir='ltr'>καῖ</span> <span class='ocrx_word' id='word_1_202' title='bbox 370 3240 388 3320; x_wconf 89' lang='grc' dir='ltr'>ή</span> <span class='ocrx_word' id='word_1_203' title='bbox 405 3238 604 3336; x_wconf 80' lang='grc' dir='ltr'>πρόφασις,)</span> <span class='ocrx_word' id='word_1_204' title='bbox 616 3239 713 3324; x_wconf 84' lang='grc' dir='ltr'>Βιίνη,</span> <span class='ocrx_word' id='word_1_205' title='bbox 727 3239 840 3328; x_wconf 71' lang='grc' dir='ltr'>(οὕτως</span> <span class='ocrx_word' id='word_1_206' title='bbox 857 3241 974 3323; x_wconf 85' lang='grc' dir='ltr'>ε’κλήθη</span> <span class='ocrx_word' id='word_1_207' title='bbox 990 3239 1131 3336; x_wconf 75' lang='grc' dir='ltr'>ὕστερον</span> <span class='ocrx_word' id='word_1_208' title='bbox 1147 3244 1165 3323; x_wconf 85' lang='grc' dir='ltr'>ή</span> <span class='ocrx_word' id='word_1_209' title='bbox 1183 3239 1282 3334; x_wconf 53' lang='lat' dir='ltr'>’Imm</span> <span class='ocrx_word' id='word_1_210' title='bbox 1294 3242 1410 3340; x_wconf 77' lang='grc' dir='ltr'>Φρῦη</span> 
     </span>
     <span class='ocr_line' id='line_1_26' title="bbox 300 3351 1453 3452; baseline 0.005 -28"><span class='ocrx_word' id='word_1_211' title='bbox 300 3351 418 3444; x_wconf 83' lang='grc' dir='ltr'>(ὄνομα</span> <span class='ocrx_word' id='word_1_212' title='bbox 435 3355 567 3451; x_wconf 74' lang='grc' dir='ltr'>κύριον)</span> <span class='ocrx_word' id='word_1_213' title='bbox 593 3352 636 3426; x_wconf 76' lang='grc' dir='ltr'>τὸ</span> <span class='ocrx_word' id='word_1_214' title='bbox 663 3353 698 3426; x_wconf 76' lang='grc' dir='ltr'>δὲ</span> <span class='ocrx_word' id='word_1_215' title='bbox 722 3356 800 3448; x_wconf 90' lang='grc' dir='ltr'>γυνή</span> <span class='ocrx_word' id='word_1_216' title='bbox 826 3356 1005 3428; x_wconf 81' lang='grc' dir='ltr'>συστέλλει</span> <span class='ocrx_word' id='word_1_217' title='bbox 1029 3353 1074 3428; x_wconf 74' lang='grc' dir='ltr'>τὸ</span> <span class='ocrx_word' id='word_1_218' title='bbox 1089 3379 1118 3428; x_wconf 79' lang='grc' dir='ltr'>τ’</span> <span class='ocrx_word' id='word_1_219' title='bbox 1145 3356 1275 3436; x_wconf 79' lang='grc' dir='ltr'>εἰκότας</span> <span class='ocrx_word' id='word_1_220' title='bbox 1292 3356 1351 3430; x_wconf 75' lang='grc' dir='ltr'>οὖν</span> <span class='ocrx_word' id='word_1_221' title='bbox 1368 3363 1410 3436; x_wconf 76' lang='grc' dir='ltr'>ὡς</span> <span class='ocrx_word' id='word_1_222' title='bbox 1423 3397 1453 3452; x_wconf 79' lang='lat'>²5</span> 
     </span>
     <span class='ocr_line' id='line_1_27' title="bbox 300 3465 1168 3566; baseline 0.003 -26"><span class='ocrx_word' id='word_1_223' title='bbox 300 3475 434 3566; x_wconf 82' lang='grc' dir='ltr'>μονήρες</span> <span class='ocrx_word' id='word_1_224' title='bbox 450 3465 588 3538; x_wconf 85' lang='grc' dir='ltr'>ιῖκλιτον</span> <span class='ocrx_word' id='word_1_225' title='bbox 604 3468 716 3549; x_wconf 81' lang='grc' dir='ltr'>ἔμεινε.</span> <span class='ocrx_word' id='word_1_226' title='bbox 768 3467 888 3540; x_wconf 79' lang='grc' dir='ltr'>Ταῦτα</span> <span class='ocrx_word' id='word_1_227' title='bbox 903 3467 962 3552; x_wconf 83' lang='grc' dir='ltr'>μέν</span> <span class='ocrx_word' id='word_1_228' title='bbox 978 3471 1011 3542; x_wconf 80' lang='grc' dir='ltr'>έν</span> <span class='ocrx_word' id='word_1_229' title='bbox 1026 3471 1168 3548; x_wconf 74' lang='grc' dir='ltr'>τούτοις.</span> 
     </span>
    </p>

    <p class='ocr_par' dir='ltr' id='par_1_6' title="bbox 300 3581 1408 3790">
     <span class='ocr_line' id='line_1_28' title="bbox 350 3581 1408 3682; baseline 0.008 -28"><span class='ocrx_word' id='word_1_230' title='bbox 350 3583 480 3656; x_wconf 88' lang='grc' dir='ltr'>Ἰστέον</span> <span class='ocrx_word' id='word_1_231' title='bbox 498 3582 550 3654; x_wconf 82' lang='grc' dir='ltr'>ὅτι</span> <span class='ocrx_word' id='word_1_232' title='bbox 577 3582 758 3678; x_wconf 77' lang='grc' dir='ltr'>εὑρίσκεται</span> <span class='ocrx_word' id='word_1_233' title='bbox 782 3581 875 3672; x_wconf 84' lang='grc' dir='ltr'>παρὰ</span> <span class='ocrx_word' id='word_1_234' title='bbox 898 3583 1097 3682; x_wconf 75' lang='grc' dir='ltr'>Φερεκράτει</span> <span class='ocrx_word' id='word_1_235' title='bbox 1115 3592 1133 3670; x_wconf 87' lang='grc' dir='ltr'>ή</span> <span class='ocrx_word' id='word_1_236' title='bbox 1152 3590 1318 3672; x_wconf 80' lang='grc' dir='ltr'>αἰτιατική</span> <span class='ocrx_word' id='word_1_237' title='bbox 1345 3595 1408 3672; x_wconf 83' lang='grc' dir='ltr'>τήν</span> 
     </span>
     <span class='ocr_line' id='line_1_29' title="bbox 300 3696 407 3790; baseline 0.009 -10"><span class='ocrx_word' id='word_1_238' title='bbox 300 3696 407 3790; x_wconf 57' lang='grc' dir='ltr'>’Μῖνι</span> 
     </span>
    </p>

    <p class='ocr_par' dir='ltr' id='par_1_7' title="bbox 299 3819 1095 4124">
     <span class='ocr_line' id='line_1_30' title="bbox 463 3819 943 3897; baseline 0.015 -21"><span class='ocrx_word' id='word_1_239' title='bbox 463 3823 497 3880; x_wconf 79' lang='grc' dir='ltr'>ὧι</span> <span class='ocrx_word' id='word_1_240' title='bbox 510 3823 607 3878; x_wconf 74' lang='grc' dir='ltr'>ἄτοπον</span> <span class='ocrx_word' id='word_1_241' title='bbox 619 3821 708 3896; x_wconf 77' lang='grc' dir='ltr'>μητέρ’</span> <span class='ocrx_word' id='word_1_242' title='bbox 722 3819 786 3880; x_wconf 81' lang='grc' dir='ltr'>εἶναι</span> <span class='ocrx_word' id='word_1_243' title='bbox 800 3826 842 3880; x_wconf 69' lang='grc' dir='ltr'>καί</span> <span class='ocrx_word' id='word_1_244' title='bbox 854 3825 943 3897; x_wconf 82' lang='grc' dir='ltr'>γυνήν.</span> 
     </span>
     <span class='ocr_line' id='line_1_31' title="bbox 299 3925 1095 4022; baseline 0.01 -27"><span class='ocrx_word' id='word_1_245' title='bbox 299 3925 351 3995; x_wconf 84' lang='grc' dir='ltr'>καῖ</span> <span class='ocrx_word' id='word_1_246' title='bbox 371 3928 389 4007; x_wconf 89' lang='grc' dir='ltr'>ή</span> <span class='ocrx_word' id='word_1_247' title='bbox 406 3927 570 4008; x_wconf 77' lang='grc' dir='ltr'>αἰτιατική</span> <span class='ocrx_word' id='word_1_248' title='bbox 587 3932 652 4000; x_wconf 82' lang='grc' dir='ltr'>τῶν</span> <span class='ocrx_word' id='word_1_249' title='bbox 669 3931 890 4012; x_wconf 79' lang='grc' dir='ltr'>πληθυντικῶν</span> <span class='ocrx_word' id='word_1_250' title='bbox 906 3927 968 4008; x_wconf 82' lang='grc' dir='ltr'>τὰς</span> <span class='ocrx_word' id='word_1_251' title='bbox 986 3929 1095 4022; x_wconf 81' lang='grc' dir='ltr'>γονὰς,</span> 
     </span>
     <span class='ocr_line' id='line_1_32' title="bbox 460 4049 749 4124; baseline 0.017 -19"><span class='ocrx_word' id='word_1_252' title='bbox 460 4049 520 4105; x_wconf 71' lang='grc' dir='ltr'>ἄλλ’</span> <span class='ocrx_word' id='word_1_253' title='bbox 535 4053 587 4124; x_wconf 72' lang='grc' dir='ltr'>ὁρῶ</span> <span class='ocrx_word' id='word_1_254' title='bbox 600 4054 648 4110; x_wconf 73' lang='grc' dir='ltr'>τὰς</span> <span class='ocrx_word' id='word_1_255' title='bbox 660 4055 749 4124; x_wconf 74' lang='grc' dir='ltr'>γυναι.</span> 
     </span>
    </p>
   </div>
   <div class='ocr_carea' id='block_1_4' title="bbox 1414 3973 1450 4026">
    <p class='ocr_par' dir='ltr' id='par_1_8' title="bbox 1414 3973 1450 4026">
     <span class='ocr_line' id='line_1_33' title="bbox 1418 3973 1450 4021; baseline 0 -13"><span class='ocrx_word' id='word_1_256' title='bbox 1418 3973 1450 4021; x_wconf 69' lang='lat'>30</span> 
     </span>
     <span class='ocr_line' id='line_1_34' title="bbox 1414 4015 1420 4026; baseline 0 0"><span class='ocrx_word' id='word_1_257' title='bbox 1414 4015 1420 4026; x_wconf 63' lang='grc' dir='ltr'>ἱ</span> 
     </span>
    </p>
   </div>
   <div class='ocr_carea' id='block_1_5' title="bbox 298 4161 1470 4502">
    <p class='ocr_par' dir='ltr' id='par_1_9' title="bbox 298 4161 1470 4502">
     <span class='ocr_line' id='line_1_35' title="bbox 299 4161 1401 4268; baseline 0.012 -34"><span class='ocrx_word' id='word_1_258' title='bbox 299 4161 435 4236; x_wconf 83' lang='grc' dir='ltr'>Τοιίτιιν</span> <span class='ocrx_word' id='word_1_259' title='bbox 452 4161 551 4242; x_wconf 74' lang='grc' dir='ltr'>οὕτως</span> <span class='ocrx_word' id='word_1_260' title='bbox 570 4164 725 4261; x_wconf 76' lang='grc' dir='ltr'>ἑχόντων,</span> <span class='ocrx_word' id='word_1_261' title='bbox 741 4164 834 4262; x_wconf 76' lang='grc' dir='ltr'>ἄξιον</span> <span class='ocrx_word' id='word_1_262' title='bbox 850 4168 924 4240; x_wconf 82' lang='grc' dir='ltr'>έστῖ</span> <span class='ocrx_word' id='word_1_263' title='bbox 949 4165 1102 4266; x_wconf 79' lang='grc' dir='ltr'>ζητήσαι,</span> <span class='ocrx_word' id='word_1_264' title='bbox 1123 4175 1153 4244; x_wconf 87' lang='grc' dir='ltr'>εῖ</span> <span class='ocrx_word' id='word_1_265' title='bbox 1175 4170 1241 4268; x_wconf 78' lang='grc' dir='ltr'>ἄρα</span> <span class='ocrx_word' id='word_1_266' title='bbox 1265 4175 1320 4246; x_wconf 83' lang='grc' dir='ltr'>ε’τῖ</span> <span class='ocrx_word' id='word_1_267' title='bbox 1338 4181 1401 4246; x_wconf 72' lang='grc' dir='ltr'>τῶν</span> 
     </span>
     <span class='ocr_line' id='line_1_36' title="bbox 298 4279 1399 4382; baseline 0.01 -30"><span class='ocrx_word' id='word_1_268' title='bbox 298 4279 514 4375; x_wconf 77' lang='grc' dir='ltr'>ῖτεροκλίταν</span> <span class='ocrx_word' id='word_1_269' title='bbox 541 4283 559 4362; x_wconf 88' lang='grc' dir='ltr'>ή</span> <span class='ocrx_word' id='word_1_270' title='bbox 588 4281 752 4364; x_wconf 77' lang='grc' dir='ltr'>αἰτιατική</span> <span class='ocrx_word' id='word_1_271' title='bbox 778 4282 831 4354; x_wconf 88' lang='grc' dir='ltr'>καῖ</span> <span class='ocrx_word' id='word_1_272' title='bbox 861 4285 998 4368; x_wconf 87' lang='grc' dir='ltr'>κλητική</span> <span class='ocrx_word' id='word_1_273' title='bbox 1024 4291 1068 4379; x_wconf 75' lang='grc' dir='ltr'>τῇ</span> <span class='ocrx_word' id='word_1_274' title='bbox 1100 4289 1264 4382; x_wconf 77' lang='grc' dir='ltr'>λεγομένη</span> <span class='ocrx_word' id='word_1_275' title='bbox 1299 4292 1399 4382; x_wconf 72' lang='grc' dir='ltr'>εὐθεῖα</span> 
     </span>
     <span class='ocr_line' id='line_1_37' title="bbox 299 4394 1470 4502; baseline 0.012 -36"><span class='ocrx_word' id='word_1_276' title='bbox 299 4394 525 4480; x_wconf 79' lang='grc' dir='ltr'>ἀκολουθοῦσι,</span> <span class='ocrx_word' id='word_1_277' title='bbox 543 4396 595 4468; x_wconf 83' lang='grc' dir='ltr'>καῖ</span> <span class='ocrx_word' id='word_1_278' title='bbox 620 4397 658 4468; x_wconf 80' lang='grc' dir='ltr'>αὖ</span> <span class='ocrx_word' id='word_1_279' title='bbox 683 4401 726 4490; x_wconf 71' lang='grc' dir='ltr'>τῇ</span> <span class='ocrx_word' id='word_1_280' title='bbox 752 4401 960 4494; x_wconf 83' lang='grc' dir='ltr'>σεσιγημένη.</span> <span class='ocrx_word' id='word_1_281' title='bbox 1010 4401 1097 4476; x_wconf 74' lang='grc' dir='ltr'>Ἰδοὺ</span> <span class='ocrx_word' id='word_1_282' title='bbox 1123 4401 1192 4501; x_wconf 79' lang='grc' dir='ltr'>γὰρ</span> <span class='ocrx_word' id='word_1_283' title='bbox 1218 4403 1279 4478; x_wconf 84' lang='grc' dir='ltr'>τὸν</span> <span class='ocrx_word' id='word_1_284' title='bbox 1296 4407 1399 4502; x_wconf 86' lang='grc' dir='ltr'>μέγαν</span> <span class='ocrx_word' id='word_1_285' title='bbox 1469 4417 1470 4426; x_wconf 75' lang='grc'>’</span> 
     </span>
    </p>
   </div>
   <div class='ocr_carea' id='block_1_6' title="bbox 0 0 1484 5018">
    <p class='ocr_par' dir='ltr' id='par_1_10' title="bbox 0 0 1484 5018">
     <span class='ocr_line' id='line_1_38' title="bbox 0 0 1484 5018; baseline 0 0"><span class='ocrx_word' id='word_1_286' title='bbox 0 0 1484 5018; x_wconf 95' lang='lat' dir='ltr'> </span> 
     </span>
    </p>
   </div>
  </div>
 </body>
</html>
