2966 5014
280 265 346 329 142
574 247 776 308 ΓΕΩΡΓΙΟΥ
797 245 1091 308 ΧΟΙΡΟΒΟΣΚΟΥ
1397 245 1461 312 Μ

269 415 382 490 Ἐστι
408 417 442 490 δὲ
466 419 750 509 ἀπολογήσασθαι
776 415 827 486 καί
848 416 949 488 εἰπεῖν
974 416 1123 514 καὶπερὶ
1144 414 1388 498 αὐτῶνοῦτις,

279 533 333 606 ότι
350 531 393 606 πδ
408 529 561 616 μόσθλης
575 529 629 606 καί
646 531 768 614 Μήλης
783 525 971 624 ὑπάγονται
990 531 1096 604 κανόνι
1120 532 1274 622 τοιούτῳ,
1300 540 1324 574 “
1336 529 1387 602 τιὶ

279 650 323 726 είς
339 677 405 720 και
421 651 573 741 λήγοντα
590 645 780 734 δισύλλαβα
796 646 837 722 ὧς
860 643 915 716 ἐπί
931 644 975 718 τδ
990 653 1154 718 πλεῖστον
1170 645 1224 718 διὰ
1240 652 1305 717 τού
1321 675 1389 718 τοι

278 765 475 848 κλίνονται,”
504 761 574 836 οίον
607 761 726 845 Πόλης
755 761 926 844 Πύλητος,
957 761 1126 850 Μέμβλης
1155 761 1387 848 Μέμβλητος,

279 877 445 968 Βόμβλης
478 875 699 966 Βόμβλητος·
736 875 836 954 ούτως
873 873 927 948 ούν
959 877 1012 948 καί
1041 873 1194 962 μόσθλης
1225 873 1418 960 μόσθλψς

278 1025 347 1080 τος,
378 993 540 1084 (σημαίνει
573 991 609 1065 δὲ
640 990 701 1064 τόν
726 991 982 1084 μεμαλαγμένον
1014 997 1146 1090 λῶρον,)
1173 992 1229 1062 καί
1259 991 1389 1075 Μήλης
1462 1014 1463 1022 ³

280 1109 456 1195 Μήλητος,
474 1107 562 1200 (ἔστι
584 1106 619 1181 δὲ
644 1108 747 1192 ὄνομα
769 1111 949 1202 ποταμοῦ.)
993 1106 1202 1205 Πρόσκειται
1233 1106 1389 1179 “δισύλ-

277 1225 391 1312 λαβα”
407 1220 460 1296 διὰ
477 1222 519 1296 τδ
537 1220 681 1324 Ὀζόλης
695 1219 855 1321 Ὀζόλον,
881 1222 972 1318 (ἔστι
994 1221 1029 1296 δὲ
1049 1224 1164 1317 ίθνος,)
1190 1224 1244 1296 καί
1267 1225 1390 1308 Δημο-

278 1339 379 1424 μύλης
405 1339 613 1423 Δημομύλου,
642 1339 732 1432 (ἔστι
766 1336 801 1410 δὲ
826 1337 929 1422 ὄνομα
960 1339 1094 1436 κύριον.)
1132 1338 1252 1410 Ταθτα
1279 1339 1318 1412 δὲ
1348 1342 1388 1411 ού

279 1455 443 1526 κλίνονται
461 1451 514 1524 διὰ
526 1458 589 1524 τού
605 1481 678 1535 τοι,
694 1453 772 1524 ἀλλ’
789 1454 845 1524 ούκ
855 1453 919 1525 είσί
936 1451 1138 1542 δισύλλαβα.
1169 1453 1386 1552 Πρόσκειται
1401 1481 1441 1520 10

280 1577 302 1614 “
314 1571 355 1648 ὡς
371 1569 425 1640 ἐπὶ
442 1566 486 1641 τό
499 1569 679 1640 τλιῖστον”
697 1565 805 1640 διὰτὸ
820 1567 983 1653 Μέσθλης
995 1569 1169 1642 Μόσθλου·
1192 1578 1299 1644 τοῦτο
1313 1573 1387 1671 γὰρ

280 1682 514 1774 ι’σοσυλλόβως
528 1685 684 1766 κλίνεται,
701 1680 772 1754 οἷον
787 1685 828 1761 ὡς
844 1682 936 1782 παρὰ
952 1691 1002 1776 τῷ
1019 1689 1141 1782 ποιητῇ
1160 1689 1217 1780 [1].
1226 1687 1271 1785 ρ’.
1286 1691 1382 1782 216.]

523 1798 649 1871 Μίσθλήν
662 1821 692 1855 τε
705 1803 822 1856 Γλαῦκον
833 1823 872 1857 τε.

278 1929 373 2008 Τινὲς
389 1928 423 2001 δὲ
438 1929 515 2025 περὶ
530 1934 592 2000 τού
604 1925 766 2010 Μέλητος
781 1927 963 2014 βούλονται
980 1931 1080 2000 εἰπεῖν
1101 1929 1294 2023 εἰπολογίαν
1310 1960 1389 2002 τοι·

278 2047 386 2129 αύτην,
400 2045 454 2118 ὅτι
468 2043 586 2127 Μύλης
600 2042 759 2125 Μίλητος
769 2042 816 2126 ήν,
826 2041 878 2113 καί
891 2043 932 2120 ὡς
948 2040 1102 2131 ἰαμβικὸν
1113 2045 1257 2138 εύλόγας
1269 2047 1388 2130 ἐκλήθη,
1400 2063 1434 2122 15

279 2160 331 2234 διὰ
357 2168 418 2234 τοῦ
441 2191 513 2243 τοι,
538 2160 591 2232 καί
618 2156 738 2230 λοιπόν
764 2154 923 2236 ἐκτάσεως
949 2165 1011 2230 τοῦ
1033 2189 1053 2230 ις
1079 2160 1251 2253 γενομένης
1272 2163 1317 2238 είς
1348 2191 1386 2246 n,

279 2276 411 2368 ἐγένετο
430 2275 550 2358 Μήλης
572 2271 795 2356 στονδειακδν,
816 2273 870 2344 καί
886 2271 1033 2371 ἐφύλαξε
1056 2275 1117 2358 τήν
1139 2276 1239 2357 αὐτήν
1261 2277 1387 2348 κλίσιν·

279 2390 372 2463 ούτοι
391 2389 425 2460 δὲ
441 2395 541 2466 κακῶς
562 2389 731 2481 λέγουσιν,
748 2387 853 2467 ἄλλος
870 2387 938 2486 γὰρ
963 2388 1037 2462 ε’στί
1056 2389 1210 2474 ποταμός
1226 2392 1245 2460 ό
1264 2389 1388 2476 Μέλης

279 2508 299 2577 ό
322 2503 374 2576 διὰ
394 2511 456 2576 τοῦ
477 2533 508 2588 α,
526 2503 579 2573 καί
596 2501 702 2581 ἄλλος
722 2503 875 2589 ποταμός
896 2506 915 2576 ὁ
937 2505 1057 2589 Μήλης
1077 2506 1097 2577 ό
1118 2505 1170 2580 διὰ
1193 2513 1257 2578 τού
1279 2535 1301 2578 α
1323 2516 1386 2592 τῆς

281 2621 501 2720 Κολοφῶνος.
529 2616 583 2690 Τό
601 2617 635 2692 δὲ
652 2617 797 2718 Μόργης
814 2620 1002 2718 Μόργητος
1018 2619 1070 2692 διδ
1087 2628 1149 2693 τοῦ
1171 2651 1234 2695 τοι
1258 2624 1384 2707 ἐκλίθη,
1397 2653 1436 2692 20

280 2738 390 2824 ἐπειδή
406 2735 451 2810 τδ
469 2739 512 2816 είς
529 2765 593 2808 m
615 2739 767 2829 λήγοντα
786 2735 937 2832 (ἔχοντα)
955 2735 1023 2834 πρὸ
1039 2743 1101 2808 τοῦ
1119 2767 1137 2809 1·
1155 2737 1201 2811 τό
1219 2769 1239 2810 ι
1253 2739 1272 2823 ή
1288 2737 1333 2812 πδ
1353 2769 1384 2822 1³,

282 2855 335 2928 διὰ
351 2861 413 2927 τοῦ
429 2881 489 2925 τος
505 2852 682 2935 κλίνονται,
696 2849 765 2922 οἷον
782 2851 922 2944 Μίσγης
938 2851 1132 2947 Μίσγητος,
1150 2853 1282 2952 Λίργης
1295 2851 1387 2952 Λίρ-

282 2999 397 3062 γητος,
414 2966 514 3044 ούτως
538 2964 592 3037 ούν
616 2967 668 3037 καὶ
686 2965 831 3063 Μόργης
849 2965 1049 3063 Μόργητος.
1085 2967 1196 3042 ΙἘστι
1222 2967 1257 3041 δὲ
1277 2969 1387 3055 ὄνομα

281 3085 398 3160 ἔθνους.
425 3083 488 3152 Δεῖ
497 3083 690 3178 προσθεῖναι
703 3081 803 3178 χωρίς
813 3086 875 3153 πού
883 3079 1020 3179 Ἀργης
1031 3081 1177 3181 Ἀργοο·
1194 3091 1299 3156 τούτο
1311 3083 1385 3184 γὰρ

281 3195 514 3286 ι’σοσυλλόβιος
530 3195 685 3279 κλίνεται,
702 3191 771 3266 οίον
787 3197 828 3273 ὡς
844 3198 924 3293 παρ’
937 3195 1090 3289 Ἡσιόδῳ
1112 3201 1249 3292 [Theog.
1269 3205 1360 3291 ¹40·]
1396 3223 1415 3262 ο
1419 3225 1437 3282 5

404 3315 519 3390 Βροντήν
530 3335 560 3370 τι
569 3311 701 3386 Στεροπήν
713 3333 743 3368 τε
756 3310 906 3386 καλἈργην
919 3311 1124 3387 όρβριμόθομον.

282 3427 494 3527 Προσύθηκεν
510 3427 529 3498 ό
545 3421 693 3522 τεχνικός
709 3423 764 3496 ότι
787 3419 833 3497 τό
849 3423 907 3509 μὲν
923 3421 1015 3496 ἄλλα
1031 3427 1164 3524 ἔχουσιν
1179 3428 1385 3524 ἀπολογίαν,

281 3545 356 3615 ἔστι
375 3543 408 3614 δὲ
423 3549 539 3624 ταῦτα,
558 3537 627 3612 οἷον
642 3537 749 3623 Ναίης
773 3538 935 3625 Ναίηπος,
961 3539 1052 3635 (ἔστι
1075 3537 1111 3613 δὲ
1127 3541 1231 3626 ὄνομα
1247 3545 1386 3642 κύριαν,)

282 3657 394 3753 κούρης
410 3657 564 3751 κούρητας
581 3655 616 3745 (ό
634 3657 794 3752 νεώτερος,
812 3655 881 3726 οἷον
903 3657 959 3748 [11.
975 3653 1019 3726 τ’.
1034 3656 1124 3748 α48.]

647 3768 768 3844 κούρητες
780 3770 918 3844 Ἀχαιίην.)
1395 3798 1438 3854 30

274 3881 411 3964 ’Όπλης
424 3878 605 3966 Ὅπλητος
619 3879 737 3973 (ὄνομα
752 3884 885 3982 κύριον,)
901 3881 1034 3981 Πίγρης
1048 3881 1235 3982 Πίγρητος,
1253 3883 1386 3986 Τίγρης

282 3997 464 4094 Τίγρητος,
491 3995 579 4088 (ἔστι
608 3995 644 4070 δδ
667 3997 770 4082 ὄνομα
796 4006 960 4084 ποταμοῦ·
986 4005 1090 4072 τούτο
1116 3998 1151 4071 δε
1173 4031 1225 4072 και
1251 3999 1305 4072 δια
1321 4031 1386 4074 ’ταν

282 4141 305 4184 n
322 4107 495 4208 γρόφπαι
511 4111 565 4182 καί
581 4109 633 4184 διδ
650 4117 712 4184 τοῦ
736 4143 761 4200 ι,
779 4112 857 4184 ἄλλ’
875 4115 963 4196 ήνίκα
979 4113 1037 4199 μὲν
1055 4113 1107 4186 διδ
1123 4121 1186 4187 τού
1200 4143 1263 4187 τοι
1279 4118 1385 4190 πλίνε·

279 4257 347 4308 ται,
365 4221 417 4296 διὰ
433 4231 495 4297 τού
512 4254 534 4297 ιι
552 4223 735 4324 γράφεται,
753 4228 822 4300 οΐον
839 4227 1023 4328 Τίγρητος,
1040 4227 1129 4312 ήνίκα
1152 4227 1186 4300 δὲ
1211 4227 1266 4300 διὰ
1284 4237 1349 4302 τοῦ
1372 4263 1383 4303 ι

279 4338 451 4441 γρόφιται
477 4339 530 4414 διὰ
554 4347 617 4414 τοῦ
645 4371 709 4414 on
733 4344 888 4432 κλίνεται,
916 4342 987 4422 οίον
1011 4341 1182 4440 Τίγριδος,
1209 4347 1259 4438 τήύ
1283 4346 1382 4442 λόγῳ
1395 4377 1430 4437 35
