2966 5014
293 323 355 389 ¹30
583 308 785 368 rml’rlm'
806 307 1098 368 XOIPOBOZKOE'
1414 301 1478 362 Καί

290 475 452 572 τοξοτῶν,
476 484 616 548 πολῖται
646 483 806 560 πολιτῶν,
831 478 965 573 κοχλίαι
994 481 1148 573 κοχλιῶν,
1173 474 1305 546 Αίνεῑαι
1336 475 1410 546 Αί-

292 599 389 678 νειῶν,
406 591 576 690 Ἀτρεῖδαι
594 591 784 690 Ἀτρειδῶν,
801 593 889 676 πλήν
910 598 973 664 τοῦ
998 597 1135 689 χλοῦναι
1161 591 1322 687 χλούνων,
1350 593 1409 662 καί

292 714 440 806 χρήσται
466 712 631 804 χρήστων,
656 708 709 778 καί
735 709 864 790 ε’τήσιαι
889 707 1035 790 ε’τησίων·
1062 707 1181 790 θηλυκή
1202 705 1237 777 δὲ
1254 703 1360 789 οῦσα,
1379 709 1412 776 εἰ

292 825 351 909 μὲν
367 827 477 921 εὑρεθῇ
494 825 680 917 μονογενής,
693 829 845 921 περισπᾷ
860 824 920 906 τήν
938 821 1020 893 ίθίαν
1037 823 1172 915 γενικήν,
1186 821 1255 892 οἷον
1270 829 1409 904 μοῦσαι

292 945 430 1024 μουσῶν,
443 937 566 1032 ἅμαξαι
583 937 726 1033 ἁμαξῶν,
739 935 904 1037 τράπεζαι
922 936 1105 1038 τραπεζῶν,
1119 937 1238 1008 ἄελλαι
1255 937 1439 1018 ιἰελλῶν,5

294 1062 450 1149 γλῶσσαι
469 1061 644 1147 γλωσσῶν,
661 1055 762 1151 χωρίς
780 1059 841 1126 τοῦ
862 1055 966 1150 ιἰφόαι
990 1054 1113 1150 όφιίων.
1164 1053 1412 1151 Παρεσχημα·

295 1173 449 1256 τισμίνου
466 1170 500 1242 δὲ
517 1172 684 1269 άρσενικῷ,
697 1173 727 1241 εί
741 1168 799 1253 μὲν
815 1171 1023 1267 ὁμοφωνήσει
1041 1177 1085 1264 τῇ
1101 1176 1207 1263 γενική
1225 1175 1293 1241 τῶν
1310 1179 1413 1253 πλη-

297 1294 447 1361 θυντικῶν
463 1293 525 1359 τοῦ
545 1286 625 1358 ι’θίου
646 1287 815 1382 ἀρσενικοῦ
838 1286 890 1356 καί
916 1286 1071 1368 όμοτονεῖ
1094 1288 1191 1377 αῦτῷ,
1209 1283 1278 1356 οἷον
1296 1287 1408 1383 φίλοι

297 1405 414 1501 φίλων,
441 1407 476 1476 αι’
504 1405 604 1500 φίλοι
634 1403 751 1499 φίλων,
776 1398 882 1497 ῥάθιοι
907 1399 1035 1498 ῥοθίων,
1060 1401 1112 1472 καί
1137 1400 1244 1497 ῥόθιαι
1267 1400 1407 1497 ῥοθίων,

295 1519 388 1613 ἅγιοι
414 1521 526 1611 ἁγίων,
551 1520 603 1590 καὶ
628 1517 722 1610 όγιιιι
753 1519 866 1611 ἁγίων,
893 1516 1007 1589 δίκαιοι
1033 1517 1168 1600 δικαίων,
1194 1518 1247 1588 καί
1276 1517 1405 1590 δίκαιαι
1420 1541 1458 1579 10

296 1634 432 1718 θικαίων,
448 1636 507 1719 μία
524 1635 615 1732 φωνή
631 1634 683 1704 καί
701 1631 744 1710 είς
759 1632 866 1710 τόνος.
900 1631 950 1704 Εἰ
965 1632 999 1703 δὲ
1015 1629 1225 1729 παραλλάξει
1241 1639 1286 1727 τῇ
1303 1639 1407 1730 φωνῇ

296 1750 381 1852 πρός
397 1759 440 1848 τῇ
459 1759 565 1846 γενική
582 1756 648 1824 τῶν
664 1753 886 1833 πληθυιτικῶν
901 1754 964 1820 τοῦ
983 1746 1063 1819 ίθίου
1078 1749 1259 1846 ιἰρσενικοῦ,
1274 1751 1330 1820 καί
1348 1755 1405 1840 τῷ

296 1869 382 1958 τόνῳ
398 1864 635 1965 παραλλάσσει
652 1867 705 1936 καί
722 1868 941 1961 περισπᾶται,
958 1860 1027 1934 οίον
1042 1863 1161 1961 ταχεές
1179 1863 1238 1948 μὲν
1253 1867 1404 1963 ταχέων,

294 1994 426 2080 ταχεῖαι
445 1981 479 2054 θέ
493 1987 644 2079 ταχειῶν,
661 1981 796 2063 με’λανες
811 1976 967 2062 μελάνων,
983 1980 1036 2050 καί
1052 1980 1202 2062 με’λιιιναι
1224 1989 1402 2064 μελαινῶν,

297 2095 496 2198 γράψαντες
530 2093 750 2196 γραψάντων,
783 2097 836 2166 καί
870 2093 1055 2192 γράψασαι
1090 2094 1294 2194 γραψασῶν,
1327 2097 1404 2169 ίδοῶ
1417 2112 1452 2170 ι5

295 2222 403 2289 ταῦτα
421 2213 687 2312 παραλλάξαντα
703 2219 748 2306 τῇ
764 2215 855 2308 φωνῇ
871 2211 924 2281 καί
941 2217 989 2302 τῷ
1006 2211 1092 2302 τόνῳ
1107 2211 1340 2308 παρήλλαξαν.

346 2329 518 2430 Κανουίζει
536 2332 596 2412 τήν
613 2329 742 2410 θοτικήν
764 2332 830 2398 τῶν
852 2331 1075 2410 πληθυντικῶν
1097 2326 1167 2398 ιἰπό
1189 2337 1250 2411 τῆς
1274 2331 1405 2408 εὐθείας

294 2452 360 2519 τῶν
385 2449 617 2528 πληθυντικῶν,
640 2442 749 2520 οὕτως·
778 2452 800 2484 “
814 2445 910 2513 πᾶσα
935 2445 1040 2514 εὐθεῖα
1064 2448 1287 2526 πληθιατικῶν
1313 2449 1358 2522 είς
1388 2477 1400 2516 ι

294 2565 459 2653 λήγουσα,
480 2559 661 2656 προσθέσει
687 2564 748 2628 τοῦ
771 2588 790 2628 z
812 2568 901 2628 ποιεῖ
923 2558 983 2640 τήν
1007 2557 1136 2641 θοτικήν
1160 2566 1227 2632 τῶν
1251 2566 1403 2643 πληθυν-

295 2681 402 2758 πικῶν,
420 2675 489 2745 οἷον
504 2671 646 2768 τοξόται
664 2669 833 2766 τοξόταις,
850 2679 969 2755 μοῦσαι
992 2674 1139 2758 μούσαις,
1155 2675 1252 2746 καλοί
1269 2685 1403 2762 καλοῖς,
1413 2711 1450 2752 20

289 2789 436 2889 ’Όμηροι
456 2791 645 2888 Ὀμήροις.”
696 2791 760 2860 Δεῖ
778 2793 970 2886 προσθεῖναι
989 2801 1009 2830 “
1021 2789 1120 2886 χωρίς
1136 2795 1202 2862 τῶν
1218 2793 1404 2866 ε’πεκτετα-

295 2909 422 2989 μίνων,”
442 2908 512 2978 οἷον
528 2914 675 2980 τοιοῦτοι
692 2907 745 2976 καὶ
761 2911 961 2988 τηλικοῦτοι.
1000 2903 1090 2977 Ἰθοῦ
1109 2903 1303 3003 γάρτοῦτο
1322 2914 1369 2987 εἰς
1387 2943 1400 2982 ι

295 3028 448 3115 λήγουσι,
469 3024 521 3093 καί
545 3024 630 3106 ὅμως
653 3024 689 3092 οῦ
714 3027 846 3093 ποιοῦσι
873 3021 1053 3116 προσθέσει
1073 3027 1135 3092 τοῦ
1152 3052 1170 3092 s
1186 3024 1246 3106 τήν
1263 3022 1402 3108 δοτικήν

296 3141 362 3206 τῶν
377 3141 610 3222 πληθυντικῶν,
627 3137 699 3208 οὐδὲ
720 3135 790 3234 γὰρ
813 3137 956 3229 λέγομεν
981 3140 1143 3216 τοιούτοις
1167 3137 1219 3209 καί
1244 3143 1403 3222 τηλικοῦ-

297 3283 376 3332 τοιι,
405 3252 495 3324 ἆλλὰ
525 3255 707 3325 τοιοῦτοισι
741 3253 794 3323 καὶ
827 3255 1080 3335 τηλικοῦτοισιν·
1115 3255 1192 3325 ἀλλ’
1219 3256 1275 3325 οῦκ
1304 3257 1446 3340 ἀντί-ις

296 3399 415 3439 κεινται
434 3373 505 3452 ήμΐν
521 3376 640 3453 ταῦτα,
657 3367 766 3451 ἐπειδή
783 3368 979 3451 ε’κτεταμίνα
996 3369 1071 3438 είσί.

348 3482 564 3583 Κονονίζεται
582 3483 650 3555 ἀπὸ
667 3491 725 3566 τῆς
742 3485 860 3560 εὐθείας
875 3489 942 3554 τῶν
955 3489 1176 3568 πληθυντικῶν
1193 3491 1211 3567 ή
1228 3490 1400 3572 αι’τιαπική

296 3609 361 3672 τῶν
378 3606 600 3684 πληθυντικῶν
616 3605 738 3670 τοῦτον
754 3596 814 3670 τόν
830 3599 969 3696 τρόπον·
989 3609 1010 3641 “
1020 3603 1116 3670 πᾶσα
1133 3602 1235 3673 εὐθεῖα
1252 3610 1400 3688 πληθυν·

296 3719 393 3785 πικῶν
418 3719 460 3790 είς
486 3743 519 3784 ιιι
547 3715 739 3809 δίφθογγον
768 3717 931 3805 λήγουσα,
958 3721 1069 3812 τροπῇ
1096 3721 1158 3786 τοῦ
1183 3747 1194 3788 ι
1222 3721 1264 3795 εἶς
1290 3749 1308 3790 ιι
1333 3723 1398 3804 τήν

297 3831 478 3912 αἰτιατικὴν
507 3835 571 3899 τῶν
601 3834 822 3912 πληθυντικῶν
851 3840 947 3912 ποιεῖ,
978 3827 1046 3901 οἷον
1075 3834 1209 3929 κοχλίαι
1242 3837 1443 3930 κοχλίαε,3ο

295 3945 420 4016 Αίνεῖαι
441 3943 580 4026 Αἰνείας,
599 3943 769 4040 Ἀτρεῖθαι
791 3943 975 4041 Ἀτρείδας,
998 3952 1117 4027 μοῦσαι
1142 3949 1275 4030 μοόσας,
1290 3947 1396 4020 Ἐλί-

297 4091 345 4132 ναι
366 4057 517 4141 Ἑλένας,
535 4057 739 4155 Ἀφροθίται
763 4057 1005 4156 Ἀφροθίτας.”
1056 4063 1120 4132 Δεῖ
1142 4061 1177 4133 θέ
1196 4063 1319 4148 είθέναι,
1337 4067 1392 4138 ὅτι

203 4165 364 4258 8ὅθίίμα
393 4180 437 4268 τῇ
464 4179 574 4270 τροπή
601 4181 662 4244 τοῦ
689 4203 699 4242 ι
727 4175 770 4249 εἰς
796 4203 813 4242 τ
839 4177 1011 4247 ἐκτείνεται
1038 4175 1081 4247 τό
1108 4207 1138 4258 ι,
1166 4179 1252 4250 θελοι
1278 4178 1347 4277 γάρ
1373 4187 1392 4264 ή

296 4292 460 4373 αἰτιατική
485 4295 549 4360 τῶν
574 4293 796 4370 πληθυντικῶν
821 4292 1006 4387 ι’σοχρονεΐν
1030 4299 1076 4385 τῇ
1097 4291 1160 4384 ίόίᾳ
1187 4296 1300 4386 εὐθείᾳ,
1324 4296 1392 4368 σίου
1471 4297 1472 4304 ¹

296 4405 437 4481 Αίαντες
454 4403 496 4476 τὸ
515 4435 533 4476 ιι
553 4405 665 4502 βραχὺ
687 4405 789 4489 ἐστίν,
811 4405 901 4477 ιἰλλό
927 4409 978 4478 καί
1002 4407 1152 4486 Αίαυταε
1167 4408 1211 4481 τό
1230 4441 1249 4481 κ
1267 4413 1389 4510 βραχύ·
1401 4445 1435 4504 35
