2958 5018
19 313 71 382 ν’.
400 311 545 376 mm
567 311 861 376 ουοιυιτιιιοιι.
1115 307 1177 392 287

72 513 187 570 μονος,
209 484 229 555 5
253 481 352 567 ’ίδμων
374 482 427 554 καί
451 485 470 566 ἧ
490 481 591 567 ’ίθμων
611 488 674 553 τοῦ
696 479 826 566 ’ίθμυνος
848 481 901 553 καί
925 487 984 565 τῆς
1002 477 1179 565 ίδμουος,ὁ

73 599 196 698 ἇφρων
212 601 264 670 καί
281 602 299 682 ἦ
316 597 433 698 ἄφρων
448 605 510 671 τοῦ
528 597 675 698 ἄφρονος
691 599 744 669 καὶ
760 607 819 682 τῆς
837 595 993 695 ἄφρονος.

130 717 194 786 Δεῖ
216 719 420 813 προσθεῖναι,
438 716 538 813 χωρίς
555 717 583 786 εί
604 717 648 800 μὴ
668 716 729 787 ὦσι
750 718 890 787 σύνθετα
908 709 976 784 ἆτό
993 717 1059 784 τῶν
1076 713 1118 788 είς
1135 739 1180 782 ου

74 831 321 930 φυλαττόντων
337 829 380 902 τί)
397 861 418 902 ο
436 827 468 901 έν
484 837 529 926 τῇ
547 837 667 926 γενικῇ,
691 833 766 903 ἔστι
792 829 861 930 γὰρ
884 829 961 902 αι’ύν
983 832 1104 912 αι’ὣνος,
1127 826 1180 899 καί

75 948 207 1040 γίνεται
224 948 332 1017 εύαίων
349 947 491 1024 εύαίωνος
507 947 541 1018 έιι
562 948 684 1019 τούτου
708 949 873 1030 σύνθετον,
897 948 950 1018 καὶ
975 947 1049 1018 ἔστι
1076 941 1181 1016 κοινὸν
1190 975 1207 1033 5

73 1069 128 1154 τῷ
148 1063 243 1156 γένει,
260 1064 279 1132 5
297 1062 404 1133 εύαίων
421 1059 490 1160 γὰρ
506 1061 559 1132 καί
577 1065 595 1143 ἦ
616 1063 733 1145 εύαίων,
756 1064 808 1134 καί
835 1062 920 1146 ὅμως
943 1058 1111 1160 φυλάττει
1136 1057 1181 1132 τθ

74 1211 99 1249 ιι
120 1179 154 1248 έν
169 1182 213 1273 τῇ
230 1184 348 1272 γενικῇ·
374 1178 427 1248 καί
452 1174 554 1247 πάλιν
576 1177 651 1250 ἔστι
677 1177 781 1274 χιτιέν
805 1185 953 1276 χιτῶνος,
976 1177 1028 1249 καί
1055 1178 1181 1271 γίνεται

72 1292 149 1367 ἀπὸ
171 1295 293 1366 τούτου
316 1295 472 1366 σύνθετον
494 1293 618 1389 ἀχίτων
639 1293 808 1390 ἆχίτωνος,
826 1295 1040 1392 χαλκοχίτωυ
1056 1302 1183 1392 χαλκο-

72 1412 230 1510 χίτωνας,
246 1411 298 1482 καί
316 1409 384 1482 ι’θοίι
404 1409 467 1482 εἶσί
492 1415 599 1480 ταῦτα
621 1406 711 1479 κοινὰ
735 1416 785 1502 τῷ
807 1411 903 1504 γένει·
929 1411 948 1481 5
971 1410 1096 1508 ἀχίτων
1113 1406 1183 1506 ’γὰρ

74 1529 132 1598 καί
154 1527 325 1624 ἦᾶχίτων,
341 1526 394 1596 καί
418 1525 534 1608 ὁμοίως
556 1525 575 1594 5
602 1527 814 1622 χαλκοχίτων
835 1527 888 1598 καί
914 1531 933 1610 ἧ
958 1527 1181 1624 χαλκοχίτων,
1195 1557 1231 1600 10

75 1644 134 1714 καί
161 1643 245 1726 ὅμως
270 1638 483 1740 φυλάττουσι
507 1638 550 1712 τὸ
576 1670 598 1711 ο
625 1641 657 1711 έν
681 1647 724 1736 τῇ
751 1649 870 1736 γενικῇ·
900 1643 952 1713 καί
980 1639 1083 1712 πάλιν
1107 1641 1182 1714 ἔστι

78 1756 235 1830 Πλάτων
258 1754 453 1839 Πλάτωνος,
470 1755 522 1826 καί
548 1757 582 1826 έιε
606 1757 728 1829 τούτου
753 1758 879 1851 γίνεται
900 1759 1056 1830 σύνθετον
1081 1763 1185 1856 φιλο-

76 1872 222 1948 τλύτων
244 1869 514 1972 φιλοτλύτωνος,
536 1873 588 1944 καί
614 1873 688 1945 ἔστι
713 1869 819 1944 κοινόν
842 1879 892 1966 τῷ
917 1873 1013 1968 γένει,
1035 1875 1055 1946 5
1081 1879 1185 1973 φιλο·

79 1988 222 2062 πλύτων
238 1987 306 2087 ’γὰρ
323 1987 375 2060 καί
393 1992 411 2070 ἡ
429 1986 664 2087 φιλοτλύτων,
680 1987 733 2060 καί
756 1989 842 2073 ὅμως
865 1988 1078 2088 φυλάττουσι
1101 1989 1145 2062 τύ
1162 2019 1184 2063 α

79 2110 116 2179 ἐν
132 2113 176 2202 τῇ
191 2113 308 2201 γενικῇ.
1197 2133 1233 2198 15

125 2225 190 2295 Δεῖ
200 2226 402 2322 προσθεῖναι,
412 2222 465 2292 καί
476 2221 575 2319 χωρίς
583 2227 645 2294 τοῦ
657 2219 754 2292 αίθων
764 2219 897 2296 αίθωνος
906 2221 959 2292 καί
972 2219 1053 2318 ἥρων
1064 2220 1184 2320 (εἴρων)

79 2340 211 2437 ἧρωνος,
227 2345 335 2410 ταῦτα
353 2334 421 2433 γὰρ
441 2333 530 2407 κοινύ
557 2337 619 2406 εἶσι
644 2342 694 2426 τῷ
717 2336 802 2428 ’γένει
820 2337 839 2406 5
857 2336 955 2408 αίθων
970 2336 1023 2408 καί
1041 2339 1060 2420 ἡ
1076 2337 1185 2424 α’ίθων,

80 2459 102 2526 5
121 2456 212 2552 είρων
227 2455 278 2525 καί
297 2456 315 2536 ἦ
333 2451 434 2550 έίρων,
451 2452 502 2522 καί
525 2451 608 2536 ὅμως
626 2447 839 2549 φυλάττουσι
856 2449 899 2524 τθ
917 2482 938 2524 ο
956 2452 989 2523 έν
1004 2459 1048 2548 τῇ
1065 2459 1185 2548 γενικῇ.

72 2571 228 2668 Ἔχουσι
246 2568 281 2641 δέ
301 2569 491 2661 ἀπολογίαν
507 2568 671 2650 τοιαύτην·
697 2565 741 2640 τθ
763 2566 822 2652 μέν
844 2569 941 2642 α’ίθων
964 2570 1106 2652 α’ίθωνος,
1130 2569 1184 2642 ὅτι

82 2685 130 2760 τὰ
166 2689 208 2764 είς
237 2715 280 2757 ου
310 2684 482 2782 βαρύτονα
512 2681 701 2771 δισύλλαβα
734 2683 857 2780 έχοντα
893 2683 976 2755 δασύ
1009 2686 1185 2783 σύμφωνον
1197 2721 1234 2764 20

85 2799 299 2901 φυλάττουσι
328 2798 371 2872 τὸ
401 2831 422 2871 ο
451 2801 484 2870 έν
510 2805 555 2894 τῇ
583 2805 703 2893 γενικῇ,
733 2799 812 2883 οἷον,
839 2799 975 2872 Ῥίνθων
1002 2801 1184 2888 Ῥίνθωνος,

87 2919 176 3008 (ἔστι
195 2917 229 2990 δέ
245 2919 348 3001 ὄνομα
368 2916 500 3014 κύριον,)
520 2915 629 2998 μόθων
651 2915 805 3000 μύθωνος,
824 2913 924 3008 (οὕτω
942 2915 1010 3015 γὰρ
1028 2919 1061 2989 οἱ
1077 2915 1187 2988 Λακε·

87 3033 245 3119 δαιμόνιοι
274 3032 336 3105 τὸν
364 3035 512 3126 οίκογενῆ
541 3030 659 3104 δοῦλον
687 3041 855 3121 καλοῦσιν,
886 3037 919 3106 οἱ
948 3033 982 3106 θὲ
1012 3033 1185 3118 Ἀθηναῖοι

19 3151 263 3249 θοοίκοτρίβα
280 3149 380 3248 φασί,
399 3149 543 3231 σημαίνει
562 3146 596 3219 δέ
616 3148 668 3220 καί
691 3147 774 3227 είθος
791 3153 934 3247 αἰσχρᾶς
949 3150 1001 3222 καί
1020 3151 1187 3249 ἀπρεποῦς

87 3270 277 3364 α’ρχνίσεως,)
295 3267 402 3336 κώθων
423 3265 575 3347 κώθωνος,
594 3262 681 3354 (ἔστι
704 3264 738 3336 δέ
760 3263 842 3344 εῗθος
864 3267 1049 3363 τοτηρίον,)
1068 3267 1232 3363 Τύχωνι5

89 3382 252 3478 Τύχωνος,
271 3381 359 3470 (ἔστι
383 3377 418 3449 θέ
441 3377 560 3463 δαίμων
582 3381 657 3478 περὶ
681 3383 741 3464 τὴν
760 3380 999 3478 Ἀφροθίτην,)
1017 3379 1116 3458 ούτως
1132 3379 1187 3452 ούν

88 3499 139 3568 καί
157 3499 254 3569 α’ίθων
269 3497 403 3572 α’ίθωνος
420 3491 472 3566 θιᾶ
488 3501 550 3567 τοῦ
566 3527 598 3569 α.
648 3495 855 3596 Πρύσκειται
875 3509 895 3538 “
906 3495 1115 3584 θισύλλαβα”
1133 3495 1186 3569 ύιᾶ

87 3612 130 3686 τὸ
151 3613 284 3686 Φαέθων
300 3611 499 3694 Φαέθοντος,
515 3612 646 3710 τρέπων
661 3610 704 3684 τὸ
725 3643 746 3684 α
764 3615 807 3691 είς
825 3609 869 3684 τὸ
894 3643 913 3683 ο
938 3613 971 3684 ἐν
995 3619 1039 3707 τῇ
1063 3618 1186 3709 γενικῇ.

89 3728 295 3828 Πρόσκεισαι
313 3739 333 3768 “
345 3727 535 3825 βαρύτονα”
552 3726 605 3799 διὰ
622 3727 665 3800 τὸ
683 3728 793 3800 Σιθῶν
810 3727 949 3806 Σιθόνος
971 3726 1094 3802 έθνιιεόν
1114 3729 1188 3826 ὀξυ-

88 3845 227 3927 νύμενον,
240 3844 369 3942 τρέπων
384 3841 428 3914 τὸ
445 3872 467 3914 ο
484 3845 527 3919 είς
543 3841 585 3915 τὸ
605 3873 623 3914 ο
641 3845 673 3914 έν
686 3851 729 3938 τῇ
747 3849 867 3940 γενικῇ.
900 3843 1018 3917 Ταῦτα
1035 3845 1095 3932 μὲν
1111 3848 1186 3947 περί
1196 3877 1235 3936 30

87 3967 148 4032 τοῦ
163 3961 261 4032 αἴθων
277 3960 419 4036 α’ίθωυος·
445 3957 488 4030 τὸ
513 3957 548 4030 δέ
569 3959 660 4056 ε’ίρων
683 3961 809 4058 ε’ίρωνος
833 3961 901 4057 ἔχει
925 3961 1080 4046 τοιαύτην
1102 3963 1188 4035 ἆπο·

88 4075 219 4170 λογίαν,
245 4075 299 4148 ὅτι
324 4074 370 4146 τὰ
395 4077 438 4153 είς
463 4105 508 4146 ου
535 4075 658 4171 ἔχοντα
678 4073 721 4148 τὸ
748 4107 767 4148 1>
792 4075 996 4166 δισύλλαβα,
1019 4081 1126 4163 α’τλᾶ,
1142 4077 1186 4161 μὴ

89 4194 210 4290 ἔχοντα
244 4191 423 4286 οὐθέτερον,
450 4187 661 4288 φυλάττουσι
695 4190 738 4263 τὸ
769 4223 790 4264 α
823 4194 856 4264 έν
884 4199 928 4288 τῇ
959 4199 1077 4287 γωικῇ,
1107 4189 1186 4275 οἷον,

91 4307 217 4408 Μύρων
239 4305 412 4406 Μύρωνος,
436 4305 566 4405 Χείρων
590 4305 757 4406 Χείρωνος
782 4309 900 4401 (ὄνομα
925 4310 1045 4406 κύριον)
1072 4307 1187 4406 Νέρων
