2954 5024
412 347 477 406 ΕΙΣ
500 347 555 406 ΤΟ
578 347 871 407 ΟΝΟΜΑΤῘΚΟΝ.
1129 361 1190 428 245

65 518 142 586 καὶ
169 514 255 586 κατὰ
282 517 341 597 τήν
365 517 490 611 κρᾶσιν,
516 516 568 585 καὶ
595 515 631 584 ού
653 516 800 611 κῖρναται
826 515 943 596 ὁμοίως
968 525 1039 591 τοῖς
1064 513 1190 593 ἄλλοις·

68 629 201 704 ἄλλως
227 659 266 699 τε
311 627 326 697 ὲ
354 626 397 699 τὸ
425 629 641 726 ὀφειλόμενον
665 629 698 698 ἐν
721 631 764 722 τῇ
798 629 968 712 ἁπλότητι
994 629 1026 699 ἐν
1051 633 1093 722 τῇ
1120 659 1193 700 σνν-

70 746 179 817 θέσει
206 742 408 839 ἀναδέχεται·
435 745 466 814 ἐν
490 743 558 840 γὰρ
586 749 629 838 τῇ
654 745 800 816 συνθέσει
826 747 983 842 κῖρναται,
1007 744 1115 828 ἐπειδὴ
1140 747 1192 816 καὶ

71 861 279 958 βαρύνεται,
296 859 365 930 οῖον
386 857 541 936 Πάνθους
566 857 727 936 Πάνθους.
782 856 894 931 Πάλιν
920 857 1012 954 ἄξιον
1037 861 1112 932 ἐστὶ
1138 859 1194 960 ζη-

73 985 202 1058 τήσαι,
220 979 249 1045 εἶ
264 973 328 1072 άρα
345 973 390 1046 τά
409 973 460 1046 διά
476 981 537 1046 τοῦ
555 1005 618 1046 002
643 974 833 1064 δισύλλαβα
856 973 966 1048 πάντα
983 977 1219 1074 βαρύνονται,5

75 1090 161 1164 οἷον
186 1091 303 1175 πλόος,
326 1091 408 1172 νόος,
431 1091 518 1187 ῥόος,
549 1090 640 1184 γόος,
667 1091 775 1189 θρόος,
799 1090 888 1164 διατῖ
916 1090 958 1164 τό
989 1090 1065 1170 θοδς
1093 1091 1193 1176 μόνον

76 1207 249 1304 ὀξύνεται.
300 1207 522 1306 (Πρόσιιειται
551 1217 572 1250 “
586 1207 795 1294 δισύλλαβα”
822 1203 874 1278 διδ
894 1205 936 1278 τδ
963 1205 1061 1283 όλοδς
1084 1209 1102 1278 ό
1125 1207 1194 1279 υνό-

77 1329 213 1416 μιενον.)
231 1323 360 1396 Ἔστιν
377 1321 430 1394 οῦν
447 1324 555 1406 εἰπεῖν,
573 1321 626 1394 ότι
644 1322 744 1406 μόνον
759 1329 821 1394 τοῦ
839 1319 915 1398 θοδς
930 1323 964 1391 εἰς
981 1319 1112 1394 πάντων
1129 1328 1195 1396 τῶν

79 1436 303 1526 δισυλλάβων
318 1445 384 1511 τῶν
400 1435 453 1510 διὰ
475 1443 537 1510 τοῦ
554 1467 615 1509 οοτ
632 1434 700 1508 ιἰπδ
725 1437 826 1521 μόνον
847 1441 909 1509 ποῦ
935 1467 954 1508 ε
975 1491 983 1508 .
1002 1491 1010 1508 .
1029 1489 1037 1507 .
1056 1435 1194 1535 ήρξατο,

81 1558 172 1628 ἀλλ’
189 1556 256 1652 ἔχει
281 1553 324 1628 τδ
345 1585 363 1626 ς
388 1552 474 1639 μετὰ
499 1559 563 1626 τοῦ
587 1583 620 1639 ε,
647 1553 775 1630 εἰκότως
798 1555 838 1630 ῶς
860 1551 1083 1650 παραλλάξαν
1107 1553 1193 1628 κατά
1207 1583 1242 1622 ιο

81 1673 152 1755 τήν
182 1669 361 1769 ἄρχουσαν,
391 1666 588 1766 παρήλλαξε
612 1669 664 1740 καὶ
695 1667 781 1742 κατὰ
810 1668 871 1740 τὸν
900 1670 1021 1766 χρόνον
1050 1671 1193 1766 (τόνον).

85 1789 213 1860 Ταῦτα
229 1787 287 1871 μὲν
303 1789 335 1858 ἕν
351 1787 491 1863 τούτοις.

141 1903 271 1976 Ἰστύου
288 1901 323 1973 δὲ
338 1901 392 1974 ύπι
409 1900 475 1971 ὅσα
491 1901 572 1972 εἰσὶν
590 1903 632 1978 εἷς
654 1929 759 1971 naon
783 1905 945 1993 λήγοντα,
964 1898 1032 1972 άπδ
1049 1903 1194 2000 συναιρό-

86 2051 174 2096 σειις
203 2017 293 2101 εἰσὶν,
324 2013 393 2087 οἷον
419 2015 564 2100 διπλοῦς,
589 2021 760 2112 τριπλοῦς,
784 2014 852 2086 άπδ
878 2014 947 2114 γάρ
971 2024 1033 2090 ποῦ
1058 2017 1196 2097 διπλόος

86 2137 144 2207 καὶ
171 2133 334 2231 τριπλόος
362 2133 527 2225 ἐγένοντο,
556 2131 609 2202 καὶ
638 2131 698 2214 τήν
727 2137 792 2204 τῶν
821 2131 957 2203 ἐντελῶν
983 2131 1195 2230 φυλάττουσι
1208 2157 1242 2220 15

87 2251 211 2332 κλίσιν,
229 2249 298 2320 οἷον
315 2247 452 2324 διπλόος
469 2245 619 2332 διπλόον,
637 2245 772 2323 διπλοῦς
797 2245 926 2329 διπλοῦ,
944 2248 1108 2341 τριπλόος
1123 2279 1197 2346 τρι·

90 2367 212 2448 πλόου,
241 2370 400 2463 τριπλοῦς
428 2368 585 2460 τριπλοῦ.
638 2359 756 2434 Ταῦτα
784 2361 818 2432 δὲ
852 2365 948 2434 άπλῦ
982 2366 1045 2434 εἰσι
1078 2365 1131 2434 καὶ
1158 2365 1197 2435 ού

91 2484 248 2566 σύνθετα,
276 2474 389 2575 ῶσπερ
422 2474 602 2560 ύπενόησάν
628 2509 722 2555 τινες.
781 2476 927 2575 Πρῶτον
958 2477 1017 2564 μὲν
1051 2476 1119 2576 γάρ
1152 2477 1196 2551 τδ

93 2599 231 2676 διπλοῦς
255 2595 307 2668 καὶ
328 2601 487 2692 τριπλοῦς
509 2593 598 2665 οῦδὲν
614 2591 784 2691 ἐφύλαξαν
800 2600 861 2665 τοῦ
880 2595 1114 2679 σημαινομένου
1135 2600 1197 2666 τοῦ

94 2721 208 2796 πλοῦς,
229 2714 281 2784 ἵνα
308 2712 444 2794 εἴπωμεν
469 2707 553 2782 αῦτά
579 2710 718 2782 σύνθετα
743 2708 782 2804 ἐξ
805 2713 915 2783 αῦτοῦ·
942 2711 1091 2809 δεύτερον
1108 2710 1152 2794 δὲ,
1169 2713 1245 2784 elno

92 2835 178 2914 ἦσαν
195 2829 345 2912 σύνθετα,
363 2831 506 2910 ήμελλον
518 2827 785 2922 βαρυτονεῖσθοι.
829 2825 985 2922 Ἔχομεν
998 2825 1066 2922 γὰρ
1084 2827 1137 2898 ὅτι
1151 2825 1196 2897 τά

94 2947 140 3021 εἶς
167 2971 228 3014 απτ
253 2941 400 3025 ὀνόματα
429 2943 526 3011 άπλᾶ
555 2939 613 3022 μὲν
637 2940 718 3012 ὄντα
744 2946 981 3037 περισπῶνται,
1004 2937 1083 3025 οἷον,
1107 2941 1196 3028 βοῦς,

95 3065 177 3141 νοῦς,
193 3063 306 3138 πλοῦς,
323 3062 432 3153 χροῦς,
451 3059 555 3152 θροῦς,
578 3056 801 3155 θυγατριδοῦς,
819 3055 1026 3155 ἀδελφιδοῦς,
1044 3065 1196 3156 χαλκοῦς,

95 3181 248 3272 χρυσοῦς,
265 3177 418 3254 πλακοῦς,
437 3177 560 3254 σιμοῦς,
578 3173 677 3270 χωρὶς
701 3179 763 3246 τοῦ
788 3171 869 3250 ποῦς
893 3175 945 3244 καὶ
969 3173 1072 3262 όδοῦς,
1088 3181 1196 3246 ταῦτα

96 3288 166 3384 γάρ
192 3286 369 3382 δξύνονται·
396 3287 536 3358 σύνθετα
558 3284 592 3356 δὲ
618 3286 698 3358 ὄντα
723 3289 934 3385 βαρύνονται,
952 3285 1033 3378 οἷον,
1050 3293 1243 3375 εύπλους,ι5

96 3403 238 3500 εύχρους,
256 3401 411 3477 άιιλῖνους.
464 3398 513 3471 Εἰ
528 3399 593 3497 ἄρα
612 3399 665 3471 οῦν
681 3400 724 3472 τδ
742 3401 877 3478 διπλοῦς
896 3402 948 3472 καὶ
974 3409 1136 3499 τριπλοῦς
1161 3405 1198 3472 οῦ

97 3519 306 3616 βαρύνονται,
327 3512 418 3586 ἀλλὰ
444 3521 681 3612 περισπῶνται,
707 3515 860 3600 δηλονότι
890 3518 945 3586 οῦκ
968 3517 1031 3587 εἶσὶ
1056 3519 1197 3589 σύνθετα

96 3634 176 3703 ἀλλ’
206 3633 312 3702 ότλᾶ.
364 3630 491 3727 Τρίτον
517 3629 562 3717 δὲ,
591 3634 620 3700 ει’
647 3632 730 3714 ἦσαν
757 3633 907 3713 σύνθετα,
932 3629 1021 3702 κοινὰ
1053 3636 1198 3716 ἤμελλον

96 3745 176 3818 εἶναι
192 3752 241 3836 τῷ
257 3745 352 3837 γάνει,
369 3744 481 3842 ῶσπερ
498 3747 517 3816 ὁ
536 3747 638 3822 εῦνους
654 3747 706 3816 καὶ
732 3749 749 3828 ή
772 3747 885 3833 εύνους,
904 3747 922 3816 ὁ
949 3749 1085 3826 εῦπλονς
1102 3749 1155 3820 καὶ
1179 3753 1198 3832 ή

98 3863 243 3942 εῦπλους,
277 3861 296 3930 ὁ
330 3861 461 3956 εύχρους
494 3862 546 3930 καὶ
583 3865 601 3943 ἡ
639 3863 780 3958 εῦχρους·
825 3863 885 3933 νυνὶ
921 3861 956 3933 δὲ
985 3861 1029 3935 τό
1062 3863 1246 3951 θηλυκδνςο

98 3977 242 4070 λέγομεν
260 3981 276 4058 ή
295 3974 395 4059 διπλῆ
411 3977 463 4046 καὶ
480 3984 607 4072 τριπλῆ
630 3983 686 4066 [ΙΙ.
705 3973 746 4045 α’.
769 3979 855 4068 128.]

259 4105 354 4172 τριπλῆ
368 4105 499 4174 τετραπλῆ
513 4102 535 4158 τ’
549 4101 718 4173 δποτύσομεν.

9 4204 212 4302 Ι33αιῦσπερ
239 4205 257 4274 ὁ
284 4213 425 4300 χαλκοῦς
450 4207 501 4276 καὶ
530 4211 548 4288 ἦ
578 4216 697 4303 χαλκῆ,
726 4210 744 4277 ὁ
779 4208 997 4303 χρυσοῦςκαῖ
1029 4213 1046 4290 ή
1080 4217 1198 4304 χρυσῆ,

101 4319 253 4403 δηλονότι
271 4323 326 4391 ούιι
344 4324 405 4394 εἶσὶ
424 4324 573 4408 σύνθετα,
592 4323 668 4392 ἁλλ’
688 4326 783 4394 άπλᾶ
801 4321 1001 4419 παράγωγα,
1020 4322 1111 4420 παρὰ
1131 4323 1198 4418 γὰρ

101 4445 161 4509 τοῦ
177 4437 223 4517 δὶς
247 4443 403 4536 παρήχθη
424 4437 466 4508 τὸ
489 4437 636 4518 διπλόος,
654 4439 706 4508 καὶ
730 4437 798 4510 άτδ
821 4445 882 4510 τοῦ
903 4439 986 4532 τρὶς,
1003 4445 1064 4508 τοῦ
1081 4438 1224 4524 annal-3
1229 4465 1245 4526 5
