2972 5014
411 293 479 356 ΕΙΣ
500 294 556 355 ΤΟ
579 293 873 356 ΟΝΟΜΑΤΙΚΟΝ.
1008 249 1011 254 Ι
1128 305 1190 374 353

70 466 325 546 πληθυντικῶν,
359 462 429 534 οἷον
466 465 567 552 λε’βης
601 463 744 552 λέβητος
777 463 928 551 λέβησιν,
960 463 1037 559 ἔρως
1073 463 1192 558 ἔρωτος

72 577 200 674 ἔρωσι,
229 576 357 662 Πηλεὺς
383 578 521 664 Πηλέος
547 578 725 666 Πηλεῦσιν,
754 577 853 658 οῦτως
882 575 935 650 οῦν
965 577 1016 650 καί
1047 577 1192 675 φιλότης

76 692 283 790 φιλότητος
299 695 475 791 φιλότητι.

141 816 166 852 “
182 807 256 886 Τάς
272 811 471 907 φιλότητος,
490 812 744 910 mmmm?

541 1022 678 1120 [Κκμδν
702 1025 749 1116 1'.]
1202 1053 1218 1113 5

141 1154 313 1230 Ἐνταῦθα
329 1159 404 1256 τερί
421 1164 487 1232 τῶν
502 1161 545 1237 εἰς
562 1189 593 1232 ιι
611 1161 752 1242 θηλυκῶν
764 1155 980 1248 διαλαμβάνει
997 1161 1017 1230 ά
1034 1159 1192 1257 τεχνικός·

83 1273 146 1344 καὶ
172 1274 287 1346 ἰστίον
311 1273 365 1346 ὅτι
390 1272 435 1348 τὰ
461 1277 503 1352 εἰς
525 1301 558 1346 ιι
582 1278 734 1367 λήγοντα
759 1273 910 1370 όξιίτονα,
933 1274 1087 1359 δηλονότι
1111 1275 1193 1372 ὑπὲρ

85 1389 171 1472 μίαν
188 1390 371 1478 συλλαβὴν,
388 1387 498 1464 πάντα
517 1389 568 1462 διά
585 1397 647 1464 τοῦ
664 1423 725 1464 ιον
741 1393 919 1478 κλίνονται,
936 1392 1003 1466 εἴτε
1018 1392 1193 1464 ἐκτείνοντι

87 1502 138 1576 τὸ
152 1535 176 1590 ι,
187 1507 227 1584 ὡς
244 1505 287 1579 τδ
304 1507 412 1591 κνημίς
427 1505 585 1592 κνημῖδος,
601 1508 718 1605 κρηπίς
732 1508 895 1605 κρηπῖδος,
910 1508 1063 1606 σφραγίς
1079 1512 1195 1607 σφρα-

90 1621 199 1718 γῖδος,
224 1623 290 1695 εἴτε
315 1624 538 1697 συστέλλουσι
563 1623 606 1696 τὸ
630 1655 653 1708 1,
676 1627 717 1702 ὡς
740 1621 783 1698 τά
807 1624 909 1702 ἆστὶς
934 1623 1083 1707 ἀσπίδος,
1106 1622 1242 1719 ῥανίςῐο

90 1737 232 1836 ῥανίδας,
254 1740 353 1827 βολίς
384 1738 534 1829 βολίδας,
559 1738 646 1834 άψίς
678 1736 813 1833 ἆψίδος·
853 1740 1109 1824 σεσημειαμίνου
1133 1745 1195 1812 τοῦ

92 1857 197 1950 ἆγλίς
220 1856 372 1949 ἆγλῖθος·
398 1863 501 1929 τοῦτο
527 1855 595 1955 γὰρ
619 1858 656 1928 ου’
680 1857 823 1928 κλίνεται
848 1853 899 1928 διὰ
925 1860 987 1927 τοῦ
1007 1884 1080 1938 on,
1102 1853 1193 1928 ἀλλὰ

93 1969 150 2045 διὰ
171 1979 233 2044 τοῦ
259 2002 331 2055 00³,
357 1972 425 2070 ἔχει
451 1971 486 2044 δὲ
509 1970 634 2070 μακρὸν
656 1971 700 2045 τὸ
731 2003 742 2044 ι
774 1969 859 2044 κατά
886 1973 948 2056 τὴν
977 1973 1113 2067 γενικὴν,
1142 1973 1195 2045 καί

94 2087 245 2172 σημαίνει
260 2088 320 2172 τίςν
335 2089 483 2187 κεφαλὴν
498 2094 561 2161 τοῦ
578 2087 748 2186 σκορόδου.
785 2087 991 2186 Πρόσκειται
1010 2099 1030 2129 “
1041 2085 1195 2171 δηλονότι

94 2201 178 2302 ὑπὲρ
193 2205 271 2287 μίαν
287 2206 479 2294 συλλαβῇν”
496 2203 547 2278 διὰ
568 2203 611 2278 τὸ
627 2206 674 2283 κίς
690 2203 766 2290 κιδς,
786 2203 946 2296 (σημαίνει
970 2201 1004 2276 δὲ
1027 2201 1088 2275 τδν
1113 2204 1196 2276 σκιά·
1208 2229 1242 2290 15

97 2324 208 2414 ληκα,)
233 2320 286 2392 καί
316 2321 367 2398 λίς
396 2319 468 2398 λιδς
494 2320 654 2412 (σημαίνει
684 2320 720 2393 δί
743 2319 804 2392 τόν
833 2321 986 2412 λέοντα)
1016 2319 1130 2417 ἔχουσι
1161 2317 1196 2392 δί

96 2434 221 2533 μακρὸν
236 2433 279 2508 τδ
297 2465 308 2507 ι
325 2434 411 2508 κατὰ
427 2437 488 2520 τὴν
505 2442 642 2530 γενικήν.
682 2437 802 2510 Ταῦτα
819 2435 888 2534 γάρ
906 2434 958 2508 διὰ
975 2439 1120 2534 καθαροῦ
1135 2443 1196 2508 τοῦ

99 2581 141 2623 oz
164 2553 327 2625 κλίνονται
353 2553 405 2624 καί
432 2555 469 2624 οῦ
494 2550 546 2624 διὰ
571 2559 634 2624 τοῦ
657 2583 729 2639 on,
747 2554 825 2625 ἀλλ’
843 2555 899 2625 οὐκ
923 2553 1003 2624 εἰσίν
1019 2551 1100 2650 ὑπὲρ
1120 2553 1197 2635 μίαν

99 2670 282 2757 συλλαβήν.
333 2667 386 2740 Τά
412 2669 503 2747 ιἰιιτίς
528 2669 657 2748 ἆκτίνος
683 2668 735 2741 διὰ
761 2677 823 2742 τοῦ
849 2700 913 2740 μου
935 2670 1122 2752 κλινόμενον
1141 2669 1197 2739 οῦκ

100 2785 275 2857 ἀντίκειται
300 2789 383 2869 ἡμῖν,
406 2784 514 2868 ἐπειδὴ
540 2783 780 2870 δικατάληκτόν
805 2787 907 2871 ἐστιν,
932 2783 1024 2856 ἆκτίν
1049 2783 1118 2880 γὰρ
1143 2785 1245 2855 καίαο

101 2901 199 2978 ἀκτίς·
226 2899 279 2972 καί
305 2902 360 2972 οὐκ
382 2901 456 2972 ἔστι
478 2902 577 2998 φύσει
595 2905 638 2979 εἰς
656 2932 674 2973 2
691 2902 768 2974 ἀλλ’
786 2903 829 2978 εἰς
845 2931 877 2984 α,
895 2901 948 2972 καί
964 2908 1074 2998 τροπῇ
1092 2931 1198 2999 παρη-

101 3016 279 3099 κολούθησε
300 3023 364 3089 τοῦ
387 3047 409 3089 μ
429 3019 472 3095 εἰς
487 3014 531 3090 τδ
550 3047 578 3100 x,
596 3021 636 3098 ὡς
657 3019 689 3090 ἐν
711 3024 754 3114 τῇ
778 3016 853 3114 περί
878 3018 979 3089 αῦτοῦ
1004 3016 1197 3110 διδασκαλίᾳ

17 3139 86 3228 ι3ί)
101 3135 334 3216 μεμαθήκαμεν.
386 3133 507 3206 Ταῦτα
534 3132 569 3204 δὲ
597 3132 643 3206 τὰ
673 3137 715 3212 εἰς
745 3165 778 3206 ιτ
807 3133 947 3230 ὄξιίτονα
977 3137 1019 3212 εἰς
1046 3166 1066 3207 Α
1096 3135 1198 3219 μόναι

102 3250 213 3346 ἔχουσι
229 3249 289 3334 τίςν
305 3251 495 3335 αἰτιατικὴν,
513 3245 583 3321 οἷον
599 3249 750 3348 κρητίδα,
766 3250 903 3334 άστκίδα,
922 3248 1045 3344 άψίδα,
1062 3249 1197 3338 βολίδα,

103 3363 223 3463 ῥανίδα.
274 3363 376 3463 Παρὰ
401 3367 435 3439 δὲ
460 3377 531 3444 τοῖς
552 3365 715 3438 Αἰολεῦσι
740 3367 888 3461 γίνονται
914 3369 957 3444 εἰς
980 3397 1002 3438 μ
1027 3365 1113 3438 κατὰ
1138 3367 1243 3459 τηνα5

105 3483 282 3567 αἰτιατικὴν
305 3483 391 3568 μετὰ
424 3485 559 3582 βαρείας
591 3481 726 3566 τάσεως,
751 3487 861 3566 κνήμιν
886 3479 955 3580 γάρ
980 3483 1118 3576 λέγουσι
1145 3483 1197 3553 καί

106 3596 255 3696 σφράγιν
270 3601 323 3672 καί
339 3599 438 3695 ἄψιν,
455 3605 496 3679 ὡς
512 3603 590 3698 παρ’
609 3598 772 3692 Ἡσιόδῳ,
795 3601 899 3692 [Opp.
916 3599 1006 3689 424]

262 3727 435 3800 τρισπίθαμον
447 3727 470 3786 δ’
484 3729 553 3801 ἄψιν
565 3730 677 3798 τάμνειν.

109 3829 177 3902 άντί
208 3837 268 3901 τοῦ
295 3829 418 3925 ιἰψίδα.
467 3833 599 3905 Ἰστίον
628 3831 662 3903 δὲ
695 3831 749 3905 ὅτι
782 3829 828 3902 τὰ
863 3833 906 3907 εἰς
933 3861 964 3902 η
994 3827 1132 3924 ὀξάτονα
1162 3834 1199 3902 οὐ

109 3944 247 4039 γίνονται
282 3945 374 4044 ταρὰ
407 3958 479 4026 τοῖς
504 3948 601 4020 Ἴωσι
634 3947 720 4020 κατὰ
755 3947 931 4036 άτοβολίςν
959 3954 1020 4020 τοῦ
1049 3977 1068 4018 ι
1098 3949 1131 4018 ἐν
1156 3953 1247 4040 τῇηο

108 4067 221 4156 γενικῇ,
236 4059 307 4134 οῦδί
328 4061 397 4160 γὰρ
419 4064 558 4158 λέγουσι
582 4063 730 4149 κνημῖδος
754 4073 892 4148 κνημίος,
910 4063 1049 4140 ιἰστίδος
1065 4064 1197 4148 ιἰστίος,

108 4179 146 4255 ὡς
163 4174 309 4275 Πάριδος
330 4176 469 4279 Πάριος,
492 4180 545 4254 καί
571 4179 708 4258 θίτιδος
732 4181 860 4257 θὲτιος.
911 4180 981 4250 Καὶ
1007 4176 1100 4273 ἄξιον
1123 4179 1197 4251 ε’στί

111 4291 241 4394 ζητῆσαι
259 4293 311 4367 διὰ
332 4296 430 4368 τοίαν
450 4299 560 4369 αἰτίαν
581 4298 636 4368 ι’τιί
660 4296 718 4380 μὲν
734 4302 800 4368 τῶν
816 4300 859 4373 είς
876 4327 909 4368 ιι
926 4295 1115 4392 βαρυτόνων
1131 4296 1199 4366 εἰώ-

112 4415 198 4484 θασιν
215 4415 248 4482 οἰ
263 4410 373 4490 Ἴωνες
396 4411 606 4504 ἀποβάλλειν
622 4410 664 4484 τδ
681 4442 701 4484 Δ
718 4413 751 4486 ἐν
766 4417 809 4508 τῇ
828 4417 947 4506 γενικῇ,
962 4409 1031 4482 οἰον
1049 4409 1198 4509 Πάριδος

631 4549 681 4592 αα
