2958 5018
402 325 469 385 Em
490 324 546 384 το
569 323 861 386 οιιοιυκτιιιοιι.
1114 337 1152 402 3¹
1158 337 1177 402 3

49 491 163 569 Τοὺς
175 489 338 587 πέρδικας,
351 491 427 570 τοὺς
443 493 614 584 τέττιγας,
630 491 707 568 τοὺς
723 493 890 574 ὁμήλικας.
919 489 966 560 Ὠ
982 491 1136 587 πέρδικες,
1153 491 1178 564 ὦ

50 609 241 701 τέττιγες,
260 607 479 690 δόμήλικες.”

516 818 658 913 [Κιιιιιδιι
687 825 742 910 ι’.]

114 955 257 1026 Ἰστέον
273 955 328 1026 ότι
345 952 391 1026 τὰ
414 957 457 1031 είς
477 982 517 1028 τε
541 959 692 1048 λήγοντα
719 954 919 1042 δισύλλαβα,
936 957 965 1024 εἰ
988 953 1046 1038 μὲν
1062 955 1176 1051 έχουσι

58 1071 176 1167 φύσει
198 1057 324 1166 μακρόν
340 1070 400 1152 τήν
416 1075 688 1166 παραλήγουσαν,
707 1067 759 1141 διὰ
781 1075 842 1140 τοῦ
869 1099 890 1139 ιι
912 1069 1089 1154 κλίνονται,
1107 1066 1203 1150 οἷον5

60 1183 217 1282 Βέβρυξ
232 1184 409 1281 Βέβρυκος,
427 1181 537 1278 δοῖδυξ
561 1183 711 1261 δοίδυκος·
738 1187 767 1255 εί
791 1182 825 1254 δὲ
844 1183 911 1278 ἔχει
938 1184 1025 1255 θέσει
1050 1183 1178 1282 μακρόν

60 1302 134 1384 τήν
152 1304 416 1398 παραλήγουσαν
432 1299 484 1369 καί
509 1300 576 1396 ἔχει
603 1298 658 1370 δύο
684 1300 856 1396 σύμφωνα,
873 1300 914 1370 ὧν
930 1297 973 1371 τό
996 1298 1054 1382 μὲν
1069 1301 1104 1371 ἓν
1120 1309 1179 1383 τῆς

62 1418 210 1513 πρώτης
239 1413 395 1515 συζυγίας
423 1421 488 1488 τῶν
508 1414 703 1510 Ιβαρυτόνων
726 1415 828 1497 ἐστίν,
849 1415 966 1498 ὁμοίως
992 1413 1044 1486 διὰ
1069 1422 1131 1489 τοῦ
1157 1447 1178 1488 κ

64 1534 255 1616 κλίνονται,
274 1532 342 1604 οῗον
359 1529 497 1630 Βέβρυξ
512 1530 690 1629 Βέβρυκος,
709 1529 791 1637 (ἔχει
809 1529 878 1628 γὰρ
897 1530 941 1602 τό
965 1562 984 1602 ιι
1007 1540 1066 1613 τῆς
1090 1535 1181 1630 πρό·

65 1681 134 1732 της
152 1645 308 1748 συζυγίας
323 1654 388 1720 τῶν
404 1648 618 1745 βαρυτόνων,)
637 1644 751 1740 ὄμπυξ
765 1644 922 1731 ἇμπυκος,
940 1646 1023 1743 (ἔχει
1045 1644 1178 1743 γὰρκαὶ
1192 1676 1228 1716 ιο

67 1763 160 1836 αι’κτό
177 1762 220 1836 τό
239 1787 272 1836 ιι·
298 1762 413 1857 ὄμπυξ
428 1762 462 1834 δὲ
478 1764 552 1834 ἐστὶ
570 1761 612 1834 τό
629 1761 919 1859 κεφαλοδέσμιον.)
971 1761 1041 1832 Καὶ
1067 1760 1112 1834 τὰ
1138 1765 1181 1840 είς

70 1907 138 1952 m
162 1886 248 1970 τῴιι
269 1879 530 1978 παραληγόμενα
555 1879 672 1960 ὁμοίως
697 1876 750 1948 διὰ
775 1883 836 1950 τοῦ
858 1908 878 1948 ιι
904 1877 1081 1960 κλίνονται,
1100 1875 1179 1960 οἷον,

61 1993 187 2091 Ἔρυξ
207 1994 351 2092 Ἐρυκος
379 1990 517 2089 Βέβρυξ
545 1993 723 2090 Βέβρυκος·
752 2001 855 2066 τοῦτο
886 1993 954 2091 γὰρ
985 1992 1036 2065 διὰ
1067 2001 1129 2065 τοῦ
1159 2025 1180 2066 ιι

72 2112 223 2180 κλίνεται
249 2107 333 2180 κατὰ
361 2107 415 2179 δύο
440 2108 583 2192 κανόνας,
601 2105 687 2179 κατό
713 2140 753 2181 τε
774 2115 895 2180 τοῦτον
911 2108 972 2181 τόν
994 2111 1110 2181 κανόνα
1128 2112 1180 2180 καί

74 2222 166 2295 κατὰ
197 2223 257 2296 τόν
286 2225 526 2320 προειρημένου,
553 2225 621 2320 ἔχει
652 2223 721 2324 γὰρ
751 2226 926 2321 σύμφωνον
959 2234 1017 2308 τῆς
1050 2229 1229 2322 πρότηςις

77 2337 238 2438 συζυγίας
263 2347 329 2412 τῶν
358 2339 547 2436 βαρυτόνων
574 2338 616 2411 τό
640 2371 670 2412 ιι.
723 2338 778 2410 Τό
809 2339 843 2411 δὲ
872 2342 916 2424 μή
945 2342 1182 2414 ὑποπίπτοντα

78 2458 213 2534 τούτοις
238 2467 309 2533 τοῖς
337 2455 468 2526 κανόσιν
497 2458 537 2532 ὡς
563 2456 617 2526 ἐπὶ
646 2454 689 2528 τό
717 2464 880 2528 πλεῖστον
906 2456 958 2528 διὰ
983 2465 1046 2530 τοῦ
1069 2488 1087 2529 ι’
1112 2460 1184 2530 κλί-

84 2603 206 2656 νονται,
223 2568 292 2642 οἷον
306 2568 428 2666 ’Ῑόπυξ
440 2569 609 2664 Ἰάπυγας,
624 2571 713 2662 (ἔστι
732 2571 765 2642 δὲ
781 2574 896 2670 ἔθνος,)
911 2573 1016 2672 ὄρτυξ
1031 2575 1182 2671 ὄρτυγος·

17 2690 149 2783 Βὴοόχ
188 2688 414 2758 ὑποπίπτουσι
449 2685 517 2784 γὰρ
550 2695 658 2760 ταῦτα
696 2698 767 2764 τοῖς
805 2693 1023 2784 προλεχθεῖσι
1057 2690 1182 2761 κανόσι.

86 2803 293 2901 Πρόσκειτιιι
311 2813 333 2845 “
346 2806 386 2880 ὡς
402 2805 456 2874 ἐπὶ
474 2803 518 2877 τό
543 2805 724 2876 πλεῖστον”
742 2801 854 2876 διὰτὸ
871 2801 995 2898 είνόνυξ
1010 2801 1181 2901 είνιίνυχος·
1195 2833 1232 2874 ιο

85 2927 188 2992 τοῦτο
214 2918 281 3015 γὰρ
305 2916 356 2989 διὰ
379 2925 442 2990 τοῦ
458 2949 479 2990 x
496 2921 564 3016 ἔχει
581 2921 641 3002 τήν
657 2920 775 2990 κλίσιν.
819 2917 948 3008 (Ἔστι
966 2918 1001 2990 δὲ
1017 2920 1182 2991 σύνθετον·

87 3033 210 3129 είνόνυξ
224 3031 292 3131 γόρ
309 3036 401 3106 ἔστιν
418 3036 436 3104 ὁ
456 3036 541 3106 ε’ννέα
569 3041 696 3118 νυκτῶν,
714 3034 809 3104 οἱονεὶ
827 3036 845 3104 ὁ
863 3031 1016 3129 ε’ννόνυξ.)
1070 3035 1184 3107 Τοῦτο

89 3151 123 3224 δὲ
137 3157 196 3222 τοῦ
212 3149 268 3244 υόξ
281 3151 341 3233 τήν
357 3151 465 3222 κλίσιν
477 3147 650 3248 ἐφύλαξεν·
669 3151 743 3220 ἔστι
759 3147 827 3247 γὰρ
841 3148 897 3243 νὺξ
912 3150 1016 3247 νυχδς,
1030 3152 1082 3222 καί
1099 3149 1185 3222 κατὰ

90 3265 297 3350 πλεονασμόν
312 3273 373 3338 τοῦ
389 3297 408 3338 τ
424 3267 476 3336 καί
497 3263 583 3338 κατὰ
599 3265 728 3363 τροπήν
744 3271 806 3335 τοῦ
823 3263 948 3346 δασέος,
967 3267 1053 3361 φημί
1071 3265 1109 3349 δή
1125 3273 1187 3338 τοῦ

92 3415 126 3468 x,
141 3387 181 3461 είς
197 3380 239 3454 τό
256 3382 472 3478 ἀντίστοιχον
489 3379 610 3474 ψιλόν,
625 3381 717 3474 λέγω
743 3379 780 3462 δή
805 3378 848 3451 τό
876 3410 908 3462 ιι,
927 3381 1046 3472 γέγονε
1067 3379 1186 3465 νυκτός,
1197 3411 1212 3450 ι
1216 3407 1232 3469 5

92 3497 158 3569 ἆπό
174 3495 226 3568 υόν
241 3503 303 3568 τοῦ
328 3493 384 3591 νὺξ
407 3495 501 3593 νυχδς
526 3497 663 3589 γέγονεν
688 3492 812 3588 είνόνυξ
836 3491 1007 3590 είνόνυχος,
1029 3495 1082 3565 καί
1108 3495 1188 3591 ἔφυ-

93 3609 200 3709 λόχθη
223 3616 241 3695 ἦ
267 3612 347 3695 αι’ττή
374 3613 490 3689 κλίσις.
543 3609 597 3682 Τό
622 3609 656 3682 δέ
680 3609 737 3705 νὺξ
754 3607 850 3707 νυχός
873 3607 925 3680 διὰ
947 3615 1010 3680 τοῦ
1026 3639 1047 3680 ιι
1064 3611 1187 3696 ἐκλίθη,

95 3730 159 3799 ε’τει
179 3728 196 3810 ή
218 3725 287 3798 ιἰπδ
311 3733 373 3798 τοῦ
398 3727 504 3798 νόσσω
527 3725 606 3821 νόξω
626 3725 683 3822 νὺξ
698 3727 845 3821 γέγονεν,
863 3726 959 3797 οἱονεὶ
977 3729 995 3808 ή
1013 3727 1188 3799 νείσσουσα

98 3843 283 3938 (νύσσουσα)
314 3845 394 3926 ἡμᾶς
425 3839 509 3940 πρός
542 3841 652 3924 ὄπνον,
682 3841 735 3912 καί
768 3838 890 3912 λοιπόν
923 3839 1070 3939 ἐφύλαξε
1102 3841 1188 3914 κατὰ

97 3959 151 4040 τήν
165 3959 272 4030 κλίσιν
287 3955 330 4029 τὸ
353 3958 528 4055 σύμφωνον
547 3963 609 4028 τοῦ
632 3956 746 4052 νέυυχα
771 3957 1015 4055 παρακειμένου,
1038 3958 1129 4050 λέγω
1155 3956 1236 4038 δέ30

61 4113 75 4141 ι
98 4073 137 4148 τό
153 4103 181 4146 κ.
232 4073 303 4144 Καὶ
318 4071 360 4145 τό
378 4071 454 4167 ὄνυξ
469 4071 503 4143 δὲ
523 4072 638 4169 ὄνυχος
659 4071 781 4142 ἔννοιαν
798 4073 865 4168 ἔχει
884 4072 1068 4149 συνθέσεως·
1096 4071 1188 4168 παρὰ

100 4189 139 4264 τό
154 4191 256 4261 νόσσω
273 4186 352 4281 νόξω
373 4189 498 4279 γίνεται
522 4185 608 4282 ὄνυξ,
626 4193 687 4258 τοῦ
707 4217 724 4257 ιι
742 4188 935 4258 έπιτατικοῦ
949 4187 1066 4283 μορίου
1081 4217 1190 4283 προσ-

103 4307 257 4386 ελθόντος,
275 4305 370 4374 οἱονεί
395 4303 483 4394 ᾧτινι
508 4300 591 4373 πόνυ
617 4303 771 4373 νόσσεταί
794 4333 856 4384 τις,
873 4301 924 4370 καί
942 4298 1062 4370 λοιπόν
1078 4307 1190 4398 τροπῇ

104 4427 158 4492 τοῦ
173 4451 192 4492 ιι
209 4423 251 4497 είς
266 4419 309 4491 τό
330 4449 348 4489 ο
367 4417 451 4512 ὄνυξ·
478 4423 581 4490 τοῦτο
605 4417 639 4489 δὲ
661 4419 860 4501 ήκολοόθησε
884 4413 969 4486 κατὰ
994 4415 1054 4498 τήν
1070 4416 1188 4496 κλίσιν,

698 4552 743 4594 ss
