2954 5024
299 313 363 398 25⁶
590 313 793 376 ταοντιαα
814 309 1106 372 καινοααςκον
1416 299 1461 358 κω

298 492 393 584 ροῦσι
418 485 512 568 τινές,
538 485 706 577 λέγοντες,
730 483 783 554 καί
814 486 881 558 πῶς
907 479 951 554 τά
977 477 1092 560 κάλως,
1117 476 1136 548 θ
1164 475 1320 558 σημαίνει
1351 469 1410 544 τάν

299 612 446 701 σχοῖνον,
463 602 648 699 βαρῦτονον
667 596 705 672 θν
726 601 778 672 καί
804 599 950 696 βραχείᾳ
973 593 1266 694 παραληγάμεναν,
1283 592 1326 662 οῦ
1343 592 1414 660 κλί-

301 749 390 792 νεται
416 716 476 790 διά
493 723 555 789 τοῦ
578 747 650 798 vox,
675 713 766 786 άλλὰ
793 713 846 786 διὰ
871 717 1016 810 καθαροῦ
1039 717 1101 783 τοῦ
1127 739 1178 790 oz,
1204 705 1278 780 οἷον
1303 705 1414 782 κάλως

300 832 436 921 κάλωας,
452 835 494 910 ὡς
518 842 681 929 μαρτυρεῖ
704 830 935 908 Ἀπολλώνιος
952 831 971 901 ὁ
992 827 1037 901 τά
1055 823 1305 925 Ἀργοναυτικᾶ
1328 821 1416 921 ’γρά-

270 1009 274 1024 ,
301 949 386 1044 ψας,
413 948 540 1027 κάλωας
569 947 667 1020 είπῶν
690 949 751 1032 τὴν
776 947 961 1030 αἰτιατικὴν
985 951 1050 1016 τῶν
1074 947 1315 1026 πληθυντικῶν,
1344 937 1436 1013 αἶαν5

297 1068 483 1164 [1-12775

466 1193 566 1249 εὐναίας
580 1188 736 1265 έρράσαντες
748 1188 939 1262 ἀνεκρούσαντο
953 1188 1054 1243 κάλωας

298 1297 336 1367 έν
357 1304 407 1387 τῷ
427 1295 517 1368 τέλει
543 1302 606 1368 τοῦ
630 1297 764 1391 πρῶτον
785 1292 903 1386 λόγου.
952 1291 1010 1368 Ὡς
1032 1289 1101 1364 άπὸ
1123 1288 1191 1386 γάρ
1213 1295 1278 1361 τοῦ
1303 1286 1416 1362 κάλως

300 1409 428 1488 κάλωας
445 1413 536 1482 ἔστιν
561 1416 578 1492 »5
599 1413 702 1482 εῦθεῖα
724 1416 790 1481 τῶν
807 1413 1029 1492 πληθυντικῶν
1045 1403 1177 1490 κάλωες,
1194 1405 1311 1503 ῶσπερ
1330 1404 1416 1502 ἧριος

249 1569 256 1593 .·
302 1525 403 1624 ἥρωος
428 1525 533 1622 ἥρωες,
559 1526 611 1596 καί
636 1527 753 1597 ε’κεῐθεν
779 1529 797 1608 »5
823 1524 987 1607 αι’τιατικίη
1011 1529 1077 1594 τῶν
1102 1527 1331 1606 πληθυντικῶν
1357 1517 1454 1590 κά-ια

304 1649 390 1721 λωας
406 1641 519 1740 ῶσπερ
536 1640 647 1741 ἥρωας·
665 1640 717 1712 καί
734 1648 777 1736 τῇ
793 1641 895 1731 εῦθείᾳ
913 1645 979 1712 τῶν
995 1644 1217 1724 πληθυντικῶν
1233 1641 1414 1736 ἐχρήσατο
1474 1725 1475 1760 ᾳ

299 1761 338 1831 έν
354 1767 402 1853 τῷ
419 1758 554 1857 δευτέρῳ
570 1759 675 1852 λόγῳ,
693 1758 810 1850 λέγων,
831 1759 899 1854 [ll.
917 1753 1012 1849 7250]

468 1886 616 1958 δερκόμενοι
629 1885 800 1957 παράμειβον,
816 1884 866 1938 ὑπὸ
879 1886 957 1952 πνοιῇ
970 1883 998 1938 δέ
1012 1883 1118 1939 κάλωες.

307 1995 378 2068 οῦθέ
404 1994 471 2092 γάρ
496 1993 653 2080 δυνάμεθα
679 1999 779 2067 είπεῖν
803 1997 844 2073 ὡς
868 1994 1010 2078 Ἀττική
1033 1997 1127 2066 ἐστιν
1150 1995 1168 2076 »5
1190 1995 1311 2071 κλίσις.
1367 1993 1416 2063 Οἵ

307 2112 377 2212 γὰρ
393 2112 562 2196 Ἀθηναῖοι
580 2110 665 2184 κατὰ
682 2111 860 2199 ἀποβολὴν
875 2117 938 2181 τοῦ
956 2141 974 2182 ε
990 2111 1162 2192 κλίνουσιν,
1179 2108 1250 2181 οἷον
1266 2112 1285 2180 ὁ
1304 2107 1413 2184 κάλως
1426 2133 1451 2190 15

307 2237 370 2302 τοῦ
397 2228 496 2312 κάλω,
523 2228 636 2327 ὥσπερ
661 2231 679 2298 ὁ
708 2227 878 2304 Μενέλεως
903 2233 966 2298 τοῦ
990 2227 1155 2298 Μενέλεω.
1199 2225 1334 2297 Ἔστιν
1359 2223 1414 2297 οῦν

308 2349 419 2430 εἰπεῖν,
436 2345 490 2416 ὅτι
508 2347 563 2416 οῦκ
578 2346 670 2416 ἔστιν
687 2343 767 2428 αῦτη
789 2348 807 2426 »5
830 2351 891 2416 τοῦ
914 2341 1019 2420 κάλως
1043 2341 1168 2420 κάλωας
1192 2345 1312 2426 κλίσις,
1331 2345 1410 2414 ἁλλ’

308 2463 492 2537 έπέκτασις·
526 2461 601 2531 ἔστι
632 2457 700 2557 γάρ
731 2461 749 2530 ὁ
778 2457 884 2537 κάλως
916 2467 978 2531 τοῦ
1010 2458 1100 2532 κάλω
1133 2459 1310 2546 Ἀττικῶς,
1339 2459 1413 2531 κατ’

308 2575 483 2647 ε’πέκτασιν
516 2584 574 2659 τῆς
608 2604 647 2645 oz
681 2579 853 2664 συλλαβῆς
884 2573 1019 2660 κάλωας,
1048 2575 1161 2672 ῶσπερ
1191 2580 1209 2658 »5
1238 2573 1330 2653 ἅλως
1353 2583 1413 2656 τῆς

307 2691 389 2778 ἅλω,
413 2691 432 2764 ῦ
458 2691 603 2777 σημαίνει
629 2688 671 2762 τὸ
696 2693 844 2778 ἁλάνιον,
866 2692 987 2786 γέγονε
1010 2694 1083 2764 κατ’
1100 2692 1276 2762 ε’πέκτασιν
1290 2700 1351 2774 τῆς
1373 2715 1451 2761 0120

308 2811 480 2897 συλλαβῆς
508 2807 626 2895 ἅλωος,
657 2805 696 2901 ἐξ
723 2809 761 2879 οῦ
789 2807 840 2878 καί
870 2813 888 2890 »5
919 2810 1083 2892 αι’τιατικῆ
1112 2807 1217 2894 άλωα,
1246 2811 1287 2886 ῶς
1316 2805 1412 2908 παρά

309 2923 526 3022 Καλλιμάχῳ
542 2927 575 2995 έν
591 2932 635 3020 τῇ
649 2922 791 3019 Ἑκάλη,

471 3051 631 3120 θεινονμένης
644 3051 703 3122 περὶ
716 3049 814 3115 βουσίν
828 3051 890 3120 ἐμὴν
903 3049 1061 3122 ἐφύλασσον
1073 3049 1154 3106 ssva.

301 3152 457 3249 Ἔχομεν
486 3150 540 3223 οῦν
566 3153 621 3225 ὅτι
650 3159 716 3225 τῶν
745 3156 788 3232 είς
813 3184 856 3225 ατ
886 3154 1075 3250 βαρυτόνων
1101 3151 1146 3225 τά
1176 3150 1234 3236 μέν
1264 3155 1411 3252 βραχείᾳ

201 3293 260 3363 137
276 3299 295 3340 a
311 3267 571 3366 παραληγάμενα
596 3268 647 3340 διά
673 3276 734 3341 τοῦ
757 3301 817 3341 τοι
842 3270 1018 3352 κλίνονται,
1036 3269 1106 3340 οἷον
1126 3269 1230 3362 γέλως
1252 3271 1449 3364 *rem-ow
1474 3287 1475 3360 ζ

311 3387 388 3483 έρως
404 3386 534 3482 ἔρωτος,
552 3385 672 3463 Νέπως
689 3385 862 3464 Νέπωτος·
888 3383 933 3457 τά
956 3384 992 3457 θὲ
1014 3391 1126 3483 μακρᾷ
1148 3387 1411 3483 παραληγάμενα
1474 3389 1475 3428 ³

312 3500 364 3574 διὰ
381 3507 525 3600 καθαροῦ
540 3508 602 3573 τοῦ
619 3531 660 3573 ατ
676 3503 852 3586 κλίνονται,
867 3499 935 3574 οἷον
952 3502 1064 3579 Μίνως
1082 3501 1223 3587 Μίνωος,
1236 3501 1295 3595 (τὸ
1312 3502 1383 3602 ’γάρ
1402 3533 1411 3573 ι

311 3619 495 3689 ἐκτείνεται·
531 3617 642 3689 ἰστέον
668 3617 702 3689 θὲ
730 3619 785 3690 ὅτι
812 3619 993 3716 εὑρίσκεται
1018 3619 1161 3695 σπανίως
1186 3619 1239 3708 καί
1268 3628 1415 3691 συστελ-
1474 3661 1475 3676 1

312 3733 482 3828 λάμενον,)“
499 3731 580 3830 ἥρως
605 3733 714 3830 ἥρωος.
767 3735 992 3818 Σεσημείωται
1017 3733 1060 3807 τῦ
1084 3735 1177 3812 είλως
1193 3735 1341 3816 εἵλωτας,
1359 3737 1414 3808 ὅτι
1474 3735 1475 3796 3

313 3855 424 3944 μακρᾷ
445 3849 721 3946 παραληγάμενον
738 3847 789 3921 διά
815 3857 878 3922 τοῦ
901 3881 963 3922 ‘ros
983 3851 1104 3935 ε’κλίθη·
1131 3851 1282 3928 Εἵλωτες
1302 3851 1338 3922 δέ
1360 3852 1449 3930 λε’-3ο

315 3991 433 4056 γονται
463 3966 496 4033 οἱ
527 3965 589 4046 τὴν
619 3965 825 4049 Μεσηνιακίην
859 3969 1018 4044 οἰκοῦντες
1051 3976 1109 4051 τῆς
1143 3967 1413 4050 Πελοποννήσου.

305 4077 436 4149 Ἐστιν
465 4076 518 4149 οῦν
550 4082 660 4167 εἰπεῖν,
689 4081 744 4154 ὅτι
777 4083 857 4159 έλως
885 4084 1008 4160 ἕλωτας
1037 4083 1083 4166 ἣν,
1113 4083 1167 4154 καί
1199 4085 1240 4159 ὡς
1268 4085 1411 4182 βραχείᾳ

316 4192 592 4291 παραληγόμενον
609 4193 660 4266 διὰ
676 4202 739 4268 τοῦ
754 4225 815 4268 τοι
832 4197 986 4280 κλίνεται,
1003 4197 1116 4296 ῶσπερ
1134 4199 1239 4293 γέλως
1255 4199 1412 4292 γέλωτος,

316 4311 369 4382 καὶ
394 4309 514 4383 λοιπὸν
538 4309 728 4384 πλεονάσαν
749 4311 792 4385 τὸ
816 4343 828 4384 1
852 4313 999 4411 ἐφύλαξε
1022 4315 1083 4398 τίην
1106 4315 1204 4399 αῦτίην
1227 4315 1347 4395 κλίσιν,
1363 4315 1412 4386 καί
1474 4375 1475 4380 ,

316 4427 449 4520 ἐγένετο
479 4429 570 4504 εἵλως
599 4428 744 4506 είλωτος.
794 4429 927 4502 ’Ῑστέον
952 4430 986 4502 δὲ
1016 4432 1068 4502 ὅτι
1099 4434 1133 4502 οί
1164 4429 1410 4515 Λακεδαιμόνιοι
1420 4455 1445 4516 35
