2954 5024
277 299 338 360 242
566 283 766 343 Γεονειον
789 279 1081 340 κοινουοεκακ
1406 241 1459 353 κεί

275 453 349 540 βοῦ.
402 451 471 522 Καὶ
488 453 580 521 ἔστιν
597 453 706 532 εἰπεῖν,
724 449 778 520 ὅτι
805 449 841 518 οῦ
866 447 997 519 δύναται
1015 451 1034 528 ἦ
1058 447 1161 517 εῦθεῖα
1183 450 1258 515 τῶν
1280 444 1402 515 dvii&

276 565 429 657 γενέσθαι
456 561 540 635 κατὰ
563 566 680 659 κρᾶσιν
704 569 765 633 τοῦ
792 593 810 632 ο
836 563 888 631 καί
914 591 933 632 ε
957 564 999 637 είς
1023 561 1083 642 την
1104 589 1144 630 ος
1169 557 1402 654 δίφθογγον,

276 679 395 764 ἐπειδὴ,
419 682 448 750 εί
466 679 597 771 ἐγένετο
627 684 741 760 τοῦτο,
769 683 910 760 ἤμελλεν
940 681 982 752 είς
1006 706 1025 746 ιε
1052 679 1273 768 καταλίγειν,
1308 675 1403 770 ὅπερ

277 796 368 864 ἐστὶν
397 793 565 866 ἀδύνατον·
608 793 651 866 τῦ
682 791 750 889 γὰρ
776 822 795 862 τ
825 793 880 862 οῦκ
909 792 982 862 ἔστι
1010 788 1141 861 τελικὸν
1168 799 1232 872 τῆς
1262 791 1405 865 εῠθέας

277 913 341 979 τῶν
355 906 473 980 δυῖκῶν.
492 908 557 980 Ἐν
570 907 639 1007 γὰρ
651 913 693 1001 τῇ
707 908 809 998 εῦθείη
823 912 889 978 τῶν
899 911 1132 992 πληθυντικῶν,
1146 907 1174 977 εί
1184 905 1239 974 καί
1250 906 1429 996 γίνεταις

277 1028 391 1121 κρᾶσις
419 1032 483 1096 τοῦ
512 1057 531 1096 o
557 1027 609 1096 καῖ
637 1055 656 1096 ιε
682 1027 725 1101 εἶς
746 1024 806 1106 τὴν
833 1054 872 1094 οτ
898 1022 1100 1120 δίφθογγον,
1117 1021 1192 1090 ἁλλ’
1215 1017 1273 1090 οῦν
1305 1024 1358 1095 εἰς
1384 1049 1404 1088 x

277 1144 373 1233 λήγει
392 1144 410 1222 ἦ
426 1139 525 1235 λε’ξις,
543 1141 626 1238 ὅπερ
650 1141 725 1210 ἐστί
750 1137 880 1210 τελικὸν
902 1147 959 1220 τῆς
981 1138 1099 1212 εῦθείας
1119 1141 1184 1207 τῶν
1201 1140 1405 1217 πληθυντι-

278 1262 348 1340 κῶν,
367 1254 436 1328 οἷον
453 1258 604 1339 Αἴαντες,
624 1254 790 1352 Λόχητες.

330 1383 350 1413 “
365 1372 449 1442 Τοῖν
465 1375 561 1458 βοοῖν
578 1373 603 1442 ιδ
618 1373 710 1458 βόε.”
762 1370 917 1466 Ε’ίρηται.

328 1485 459 1556 Ἰστέον
475 1487 529 1556 ὅτι
547 1485 631 1557 κατὰ
649 1489 765 1584 κρᾶσιν
777 1491 839 1556 τοῦ
856 1515 874 1554 0
889 1485 941 1554 καὶ
959 1513 979 1552 ιε
996 1485 1039 1558 είς
1055 1483 1114 1564 την
1128 1512 1168 1552 υτ
1184 1480 1403 1576 δίφθογγον
1416 1509 1447 1548 ιε

282 1602 408 1694 γίνεται
437 1602 525 1688 βοῦς,
554 1599 667 1698 ὥσπερ
693 1605 726 1671 οἱ
753 1602 944 1699 κρείττονες,
965 1599 1016 1666 καί
1042 1599 1075 1666 οἶ
1099 1597 1248 1692 ἀρείονες,
1273 1597 1333 1666 καί
1364 1599 1402 1665 οἶ

282 1719 461 1806 βελτίονες,
479 1717 548 1792 οἷον
572 1719 753 1815 κρείττονες
782 1717 947 1812 κρείττοες
972 1715 1024 1783 καί
1049 1713 1226 1809 κρείττους,
1244 1712 1402 1807 ἆρείονες

281 1834 403 1930 ἁρείοες
420 1835 552 1931 ἀρείους,
570 1834 738 1921 βελτίονες
755 1832 906 1918 βελτίοες
923 1831 1087 1916 βελτίους.
1126 1827 1256 1898 Ἰατέον
1277 1827 1315 1899 δὲ
1334 1829 1398 1897 ὅτι

282 1949 406 2018 σπανία
432 1949 523 2019 ἐστίν
545 1953 563 2031 ἡ
588 1957 707 2045 χρῆσις
731 1954 790 2028 τῖης
815 1947 895 2031 βοῦς
921 1945 1040 2020 εὐθείας
1062 1950 1126 2014 τῶν
1148 1947 1397 2026 πληθυντικῶν,

283 2066 415 2145 μᾶλλον
458 2061 531 2133 δοῖ
554 2063 631 2150 βόες
652 2061 848 2159 εῦρη[ν]ται.
900 2059 983 2128 Ἐπὶ
1009 2059 1043 2128 δὲ
1067 2067 1126 2140 τῆς
1148 2060 1397 2154 ὁμοφωνοῦσης
1411 2092 1421 2128 ι
1429 2091 1444 2146 5

285 2181 366 2273 αῦτῇ
390 2183 579 2261 αἰτιατικῆς,
604 2179 695 2270 λέγω
725 2176 762 2260 δὴ
789 2184 847 2258 τῆς
873 2175 948 2250 τοὺς
972 2176 1062 2260 βοῦς,
1085 2182 1230 2244 πλατεῖα
1251 2175 1351 2244 ἐστίν
1375 2178 1396 2254 ἡ

285 2301 413 2390 χρῆσις,
431 2297 471 2370 ὡς
487 2295 519 2364 ἐν
537 2291 688 2386 Κόλαξιν
706 2289 905 2370 Εῦπόλιδος,

449 2419 492 2474 θὲς
506 2423 551 2472 νῦν
562 2418 658 2490 ἀγροὺς
671 2420 712 2472 καὶ
725 2419 844 2490 πρόβατα
858 2417 899 2470 καὶ
912 2419 976 2480 βοῦς

286 2521 338 2589 καί
356 2519 447 2616 παρὰ
463 2527 512 2609 τῷ
525 2519 727 2615 Ἡρακλείδη
746 2522 777 2590 ἐν
793 2527 835 2612 τῇ
853 2519 941 2615 ἆρχῇ
962 2527 1020 2601 τῆς
1039 2517 1186 2614 Λέσχης.
1242 2509 1244 2514 ,

315 2645 358 2702 ,“
372 2633 448 2704 Τῶν
464 2636 563 2721 βοῦν,
580 2644 651 2710 τοῖς
696 2635 817 2705 ουσίυ.”
901 2635 1022 2730 ῖρηται.
1407 2671 1442 2708 ιο

335 2750 466 2822 Ἰατὲον
483 2751 536 2821 ὅτι
563 2752 600 2822 οῦ
625 2747 782 2833 δυνάμεθα
805 2753 903 2820 εἰπεῖν
921 2747 989 2820 ἆπό
1012 2753 1073 2820 τοῦ
1088 2748 1164 2824 τοὺς
1181 2748 1267 2833 βόας
1283 2776 1395 2840 γεγο-

290 2867 370 2938 νίναι
388 2866 464 2943 τοῦς
480 2869 568 2953 βοῦς,
586 2865 670 2937 κατὰ
694 2869 809 2962 κρᾶσιν
825 2871 887 2936 τοῦ
905 2897 923 2936 o
941 2864 992 2934 καί
1010 2894 1029 2934 A
1048 2865 1090 2940 είς
1106 2865 1166 2946 τὴν
1184 2894 1224 2934 ου
1241 2863 1396 2960 δίφθογ-

291 3005 362 3071 γον·
397 2981 554 3051 οῦδίποτε
583 2979 650 3079 γὰρ
687 2980 729 3052 τδ
764 3013 783 3051 ο
817 2982 868 3051 καί
906 3011 923 3050 ι
955 2983 997 3056 είς
1025 2981 1085 3060 τὴν
1119 3009 1159 3048 ου
1194 2977 1396 3075 δίφθογγον

289 3097 446 3190 κίρναται,
465 3096 540 3164 ἀλλ’
561 3095 609 3166 ἇεῖ
635 3097 718 3172 ὅλως
743 3099 785 3173 είς
803 3094 846 3167 τδ
869 3125 902 3179 ο,
929 3093 1008 3178 οἷον,
1031 3097 1204 3192 κρείττονα
1230 3097 1393 3192 κρείττοα

290 3209 342 3280 καί
375 3210 524 3306 κρείττω,
558 3211 718 3296 βελτίονα
751 3213 893 3298 βελτίοα
933 3213 1068 3296 βελτίω,
1103 3211 1232 3307 ἀρείονα
1275 3213 1393 3305 ἇρεῖοα
1406 3249 1438 3304 25

292 3325 398 3422 ἀρείω.
425 3324 527 3394 Ἀλλ’
537 3328 628 3397 ἔστιν
645 3328 755 3411 εἰπεῖν,
772 3328 825 3398 ὅτι
842 3327 1014 3422 ὁμοφωυίο
1030 3327 1121 3398 ἐστίν
1135 3334 1194 3408 τῆς
1206 3329 1394 3408 αἰτιατικῆς

291 3447 357 3515 τῶν
372 3447 592 3526 πληθυντικῶν
608 3440 692 3538 πρὸς
716 3443 775 3525 τὴν
800 3444 920 3513 εὐθεῖαν
942 3446 1007 3512 τῶν
1023 3445 1253 3524 πληθυντικῶν,
1271 3443 1394 3537 ἔχομεν

293 3557 361 3654 γὰρ
378 3559 493 3629 κανόνα
510 3560 543 3628 ἐν
559 3567 630 3632 τοῖς
646 3558 887 3652 πραλαβυῦσιν,
905 3555 959 3626 ὅτι
977 3559 1072 3626 πᾶσα
1092 3558 1194 3627 εὐθεῖα
1213 3561 1394 3638 πληθυντι-

292 3680 353 3744 κῶν
379 3677 421 3749 είς
446 3704 484 3743 με
513 3679 676 3765 λήγουσα,
700 3674 751 3742 καί
783 3672 976 3768 συνηρημένη
1003 3669 1089 3743 κατὰ
1119 3672 1178 3753 τὴν
1197 3671 1393 3742 τελευταίαν

294 3789 475 3874 συλλαβὴν,
492 3789 561 3884 ἔχει
586 3791 646 3870 τὴν
662 3787 844 3869 αι’τιατικην
860 3787 1034 3883 ὁμόφωνον
1051 3787 1131 3879 οῦν-ᾖ
1157 3783 1312 3867 δηλονότι
1338 3787 1391 3857 καί
1403 3825 1439 3882 30

294 3905 353 3986 την
377 3904 540 3988 κλητικῖην,
563 3903 631 3974 οῖον
657 3905 690 3973 οῖ
714 3905 805 3998 ι’χθῦς
829 3901 905 3978 τοῦς
932 3904 1023 3996 ι’χθῦς
1042 3900 1069 3970 ῶ
1091 3901 1243 3996 ι’χθῦς,οί
1267 3899 1394 3998 βότρυς

294 4017 371 4094 τοῦς
397 4017 521 4112 βότρυς
542 4019 568 4087 ῶ
592 4018 778 4114 βότρυς,οῖ
802 4017 882 4098 ἡδεῖς
906 4016 982 4093 τοῦς
1006 4015 1086 4098 ἡδεῖς
1112 4015 1139 4086 ιδ
1161 4012 1251 4096 ἡδεῖς·
1292 4015 1394 4094 οὕτως

296 4131 348 4204 οῦν
377 4134 429 4202 καί
460 4135 493 4203 οῖ
520 4135 599 4220 βοῦς
623 4132 699 4210 τοὺς
727 4133 804 4208 Βοῦς
827 4135 854 4202 οῖ
879 4133 970 4218 βοῦς,
992 4131 1044 4200 καί
1071 4133 1103 4200 οῖ
1126 4131 1294 4226 κρείττους
1318 4133 1393 4208 τοῦς

296 4251 462 4346 κρείττους
495 4250 522 4320 ῶ
553 4250 727 4345 κρείττους,
758 4249 808 4318 καί
836 4251 869 4318 οἰ
897 4247 1051 4332 βελτίους
1083 4243 1159 4320 τοῦς
1189 4246 1344 4332 βελτίους
1369 4249 1393 4317 δ

298 4368 461 4454 βελτίους,
477 4366 529 4435 καί
547 4367 581 4434 οῖ
596 4365 718 4460 ἀρείους
734 4363 810 4440 τοῦς
827 4363 949 4460 ἀρείους
965 4363 991 4432 ῶ
1007 4361 1139 4457 ἀρείους.
1400 4397 1432 4452 35

341 4481 386 4547 Ὦ
402 4480 479 4566 βόες
495 4478 547 4548 καί
563 4479 589 4547 οῦ
605 4480 684 4562 βοῦς
699 4479 876 4572 ὁμοφώνως
893 4483 936 4570 τῇ
952 4477 1065 4566 εὐθείᾳ.
