2972 5014
290 299 356 386 364
583 301 785 363 τοονηακ
806 300 1102 364 κοιΡοΒοΣκοτ
1424 298 1465 356 ιο

292 471 435 570 ὁᾶρσην
451 478 512 544 τοῦ
533 469 668 569 ἄρσενος
693 477 741 562 τῷ
768 470 890 568 ίίρσενι,
906 469 950 542 τὸ
975 469 1077 568 ἄρσεν
1098 477 1163 542 τοῦ
1189 469 1347 566 ἄρσενος
1372 475 1420 559 τῦ

291 587 445 686 ἀρσενι,ῦ
462 587 567 685 ταχὺς
581 593 644 660 τοῦ
659 586 782 684 ταχὲος
798 594 846 678 τῷ
862 586 966 682 τοχίΐ
978 586 1030 656 καί
1047 595 1157 682 ταχεῖ,
1170 585 1219 657 ’τὸ
1235 585 1344 683 ταχῦ
1360 593 1423 658 τοῦ

291 705 414 800 ταχέας
437 711 486 796 τῷ
509 704 613 800 ταχὲΐ
633 703 685 773 καὶ
712 712 823 800 ταχεῖ.
875 700 960 773 Ἐὰν
977 699 1031 772 οῦν
1045 733 1098 778 τις
1116 703 1275 798 ἐρωτήσῃ
1300 735 1352 774 σε
1378 703 1425 775 τά
1483 691 1484 702 ¹

292 817 401 917 ὄρειον
417 821 469 890 καί
495 819 537 891 τά
563 828 679 890 πλεῖον
695 825 762 896 τῦς
786 819 942 904 κλίνεται,
963 821 1019 888 οῦκ
1045 819 1192 914 ὀφείλεις
1218 821 1263 895 ὧς
1290 821 1425 915 ἔτυχεν

292 936 505 1032 ἀποκριθῆναι
536 937 634 1026 αῦτςῦ,
658 931 750 1005 ἀλλά
781 932 851 1004 δέον
881 933 956 1003 ἐστὶ
985 938 1100 1016 μαθεῖν
1128 965 1170 1004 σε
1200 932 1275 1004 ἀπὸ
1310 936 1426 1005 ἰτοίου
1433 951 1448 1012 5

292 1051 461 1148 ἀρσενικοῦ
485 1051 628 1143 ἐγένετο.
680 1047 729 1119 Εἰ
743 1046 802 1132 μὲν
818 1044 886 1144 γάρ
908 1045 978 1118 ἀτά
1001 1055 1063 1119 τοῦ
1085 1045 1193 1146 ὄρειος
1209 1055 1277 1118 τοῦ
1295 1049 1424 1147 ἀρείου

291 1167 343 1238 καί
362 1168 380 1236 6
398 1175 512 1244 τλεῖος
528 1173 590 1237 τοῦ
605 1166 733 1249 πλείου,
751 1163 903 1248 δηλονότι
930 1160 973 1234 τῦ
999 1161 1107 1260 ἄρειον
1122 1169 1185 1234 τοῦ
1208 1165 1332 1261 ἀρείου
1359 1167 1421 1236 καὶ

781 1277 1048 1306 ἱὶληῑὶ

291 1279 334 1353 τὸ
352 1291 468 1354 τλεῖον
484 1289 546 1354 τοῦ
562 1282 686 1367 τλείου,
705 1285 734 1352 εί
758 1279 793 1352 δε
815 1311 883 1350 ατο
905 1310 968 1350 του
988 1311 1007 1350 ο
1031 1279 1143 1376 αρείιιν
1159 1285 1224 1350 τοῦ
1240 1279 1420 1377 ἀρείονος,

291 1401 343 1470 καί
361 1401 379 1469 6
398 1401 518 1469 πλείων
532 1405 594 1469 τοῦ
610 1398 770 1480 πλείονος,
789 1394 941 1480 δηλονότι
967 1391 1011 1466 τῦ
1036 1391 1144 1490 ἄρειον
1159 1400 1223 1464 τοῦ
1239 1395 1415 1492 ἀρείονος,

290 1513 403 1586 καὶτὸ
421 1523 536 1585 τλεῑον
553 1521 615 1585 τοῦ
631 1513 793 1588 πλείονος.
844 1511 1126 1604 Ἐταγγέλλεται
1151 1507 1184 1580 δὲ
1208 1511 1227 1579 6
1246 1512 1417 1608 τεχνικὸς
1428 1535 1461 1573 1³

290 1630 366 1708 τοῦς
391 1631 523 1708 κανόνας
548 1630 658 1723 λέγειν
675 1629 750 1727 περὶ
770 1633 835 1700 τῶν
851 1632 1044 1720 μονογενιῦν,
1062 1628 1100 1696 ου’
1121 1627 1196 1724 τερί
1225 1632 1298 1698 τῶν
1316 1661 1415 1726 ταρ-

292 1747 593 1845 εσχηιιατισμένων.
637 1745 793 1841 Ἐχομεν
811 1741 879 1840 γὰρ
896 1743 950 1816 ὅτι
967 1741 1013 1814 τά
1027 1741 1409 1844 ταροσχηματιζόμενα

292 1864 470 1962 ἀρσενικοῑς
489 1865 549 1946 τὴν
564 1868 626 1933 τοῦ
643 1861 811 1958 ἀρσενικοῦ
835 1859 944 1932 κλίσιν
960 1858 1180 1956 ε’·τιῦεχονται,
1197 1861 1325 1938 ὁτοίας
1342 1864 1409 1934 εἶσι

291 1978 507 2074 καταλῆξεως.
558 1977 765 2070 Πρόσκειται
791 1975 941 2074 ἀνωτέρω
958 1975 1146 2058 ((ἀηλονότι
1172 1975 1258 2048 κατά
1289 2011 1412 2074 Ιιτιιρα-

291 2093 545 2194 σχηματισμάν”
567 2091 636 2166 οἷον
662 2096 759 2164 “miv
785 2091 954 2189 οὐδέτερον
971 2090 1040 2163 ἀπὸ
1063 2093 1234 2190 ἀρσενικοῦ
1257 2117 1455 2189 'mm-15

290 2213 396 2296 μένον,
415 2211 567 2295 δηλονότι
593 2207 678 2282 κατὰ
704 2207 1044 2305 ταρασχηματισμόν,
1061 2209 1122 2291 τὴν
1137 2215 1199 2280 τοῦ
1223 2211 1410 2306 ἀρσενικοῦ

290 2329 399 2400 κλίσιν
423 2327 641 2423 ε’τιάἔχεται,”
672 2323 723 2396 ἀιά
753 2323 796 2396 τὸ
826 2327 845 2396 6
874 2325 996 2404 σκότος
1024 2332 1089 2397 τοῦ
1117 2326 1242 2398 σκότου
1269 2329 1329 2400 καί
1357 2328 1408 2402 τά

292 2445 413 2521 σκότος
430 2449 491 2516 τοῦ
507 2443 655 2524 σκότους,
673 2444 692 2512 ὁ
710 2443 857 2537 ἔλεγχος
873 2447 936 2512 τοῦ
956 2441 1101 2538 ἐλέγχου
1115 2443 1168 2513 καί
1185 2440 1229 2514 τά
1245 2445 1410 2542 ἔλεγχος

290 2566 353 2632 τοῦ
377 2559 582 2655 ελέγχους,ὁ
605 2556 745 2656 τιίριχος
769 2565 831 2629 τοῦ
855 2559 998 2654 ταρίχου
1021 2558 1073 2629 καί
1098 2557 1142 2630 τῦ
1166 2556 1312 2657 τάριχος
1337 2571 1407 2634 τοῦ

290 2678 459 2773 ταρίχους.
511 2673 630 2746 Ταῦτα
656 2673 724 2771 γὰρ
750 2675 805 2744 οῦκ
830 2673 1038 2770 ἐπιδέχονται
1061 2675 1121 2758 τὴν
1137 2682 1199 2747 τοῦ
1224 2677 1407 2772 ἀρσενικοῦ
1417 2709 1452 2746 20

291 2792 410 2876 κλίσιν,
435 2793 510 2862 ἀλλ’
538 2792 594 2862 οῦκ
625 2791 687 2862 εἰσί
715 2789 800 2862 κατὰ
828 2789 1159 2888 ταρασχηματισμάν
1188 2791 1280 2863 ἀλλὰ
1308 2793 1403 2866 κατά

290 2909 495 2996 μεταβολὴν,
522 2913 620 3000 ἤγουν
648 2907 843 2998 ἐναλλαγὴν,
872 2907 992 2999 γε’νους.
1035 2905 1121 2980 Ὅτι
1154 2906 1222 3006 γὰρ
1246 2911 1305 2979 οῦκ
1332 2913 1401 2982 είσέ

290 3021 376 3093 κατὰ
411 3021 740 3120 ταρασχηματισμάν
773 3028 893 3107 ταῦτα,
917 3021 1016 3105 δῆλον
1038 3024 1191 3095 ε’ντεῦθεν·
1233 3024 1403 3098 οῦάἔτοτε

292 3134 362 3234 γὰρ
380 3135 547 3235 οὐδέτερον
567 3135 948 3237 ταρασχηματιζόμενον
972 3139 1129 3236 ἀρσενικῷ
1153 3141 1202 3210 ἐτ’
1222 3139 1401 3222 ὀνομάτων

292 3254 459 3351 ὁμοφωνεῖ
473 3260 516 3348 τῇ
534 3256 635 3346 εῦθείᾳ
654 3261 714 3325 τοῦ
740 3255 920 3351 ἀρσενικοῦ,
936 3255 1012 3325 ἀλλ’
1030 3255 1050 3338 ἦ
1065 3261 1108 3350 τῇ
1127 3257 1307 3350 αἰτιατικῇ,
1326 3253 1399 3328 οἷον
1411 3289 1446 3347 ²5

291 3367 352 3440 τάν
381 3367 494 3468 σοφὸν
516 3371 568 3440 καί
598 3368 641 3442 τά
671 3367 793 3467 σοφὸν,
816 3367 877 3440 τάν
901 3368 1003 3442 καλὸν
1028 3371 1080 3441 καί
1100 3369 1144 3442 τί)
1167 3369 1282 3455 καλίιν,
1305 3373 1326 3454 ἦ
1352 3379 1397 3467 τῇ

291 3492 438 3580 κλητικῇ,
455 3487 524 3558 οίον
540 3488 566 3557 ιῦ
581 3485 769 3584 λιτότατρι
787 3487 838 3557 καὶ
856 3483 899 3559 τῦ
916 3486 1115 3584 λιτότατρι,
1132 3485 1160 3558 ὦ
1174 3485 1264 3582 ταχῦ
1280 3487 1335 3558 καί
1353 3487 1398 3559 τά

291 3603 391 3700 ταχῦ,
408 3605 435 3673 ιῦ
450 3601 549 3700 ἄρσεν
565 3603 618 3673 καί
635 3599 678 3674 τὸ
695 3600 807 3699 ἄρσεν.
860 3602 939 3680 Πιῦς
957 3602 1087 3674 ἀῦνατοι
1113 3601 1191 3674 εἶναι
1214 3633 1399 3702 παρασχη-

291 3717 459 3802 ματισμάς
483 3721 630 3800 ἐνταῦθα,
657 3719 743 3790 ὅπου
770 3717 813 3790 τὸ
838 3718 1007 3818 οὐδέτερον
1029 3721 1196 3817 ὁμοφανεί
1219 3725 1262 3814 τῇ
1289 3721 1394 3813 εὗθείᾳ

291 3839 353 3904 τοῦ
368 3834 545 3930 ἀρσενικοῦ,
564 3833 668 3905 οἶονὸ
694 3835 815 3912 σκότος
836 3835 888 3906 καί
909 3834 954 3908 τὸ
974 3837 1107 3918 σκῦτος,
1124 3839 1144 3907 6
1168 3837 1318 3934 ἔλεγχος
1341 3839 1394 3910 καὶ
1404 3873 1441 3928 30

289 3945 333 4022 τῦ
358 3949 514 4043 ἔλεγχος,
538 3951 557 4020 6
583 3947 722 4048 τάριχος
744 3952 796 4022 καί
821 3950 864 4023 τὸ
889 3949 1051 4050 τάριχος;
1078 3953 1286 4050 Πρόσκειτοι
1310 3955 1392 4024 “ε”“τ’

291 4062 488 4150 ὀνομάτων,”
506 4063 556 4135 616
574 4064 618 4136 τὸ
635 4068 654 4136 6
672 4069 761 4154 βοῦν
777 4069 829 4139 καί
855 4065 898 4140 τὸ
922 4071 1022 4156 βοῦν,
1038 4069 1090 4142 καί
1108 4071 1127 4140 6
1148 4076 1254 4168 τερῶν
1270 4071 1325 4140 καί
1352 4069 1395 4142 τὸ

288 4187 405 4280 τεριῦν.
457 4179 540 4252 Ἐπί
574 4182 699 4252 τοῦτον
733 4182 801 4280 γὰρ
835 4183 881 4254 τὰ
915 4183 1068 4281 οῦάἔτερα
1102 4185 1315 4282 ὁμοφωνοῦσι
1350 4193 1392 4282 τῇ

288 4299 390 4389 εῦθείᾳ
407 4305 469 4369 τοῦ
485 4299 662 4394 ἀρσενικοῦ·
685 4299 760 4370 ἀλλ’
781 4301 836 4370 οῦκ
853 4302 934 4371 είσίν
952 4301 1111 4386 ὀνόματα,
1128 4299 1218 4373 ἀλλά
1236 4307 1392 4401 μετοχαί.

286 4413 417 4484 Ἰστέον
434 4413 468 4484 δὲ
484 4415 537 4484 ὅτι
555 4415 607 4484 καί
625 4413 716 4484 ἄλλα
734 4415 796 4486 εἶσί
815 4413 899 4486 κατὰ
918 4418 1112 4504 μεταβολὴν
1130 4419 1250 4510 γένους·
1276 4420 1431 4518 &mm
