2966 5014
357 339 361 344 ’
390 351 456 411 ΕΙΣ
478 349 535 411 ΤΟ
557 349 850 411 ONOMATIKON.
1108 349 1167 430 17¹1

47 507 248 610 λαμβᾶνει,
264 519 372 604 ε’πειδῆ
388 519 604 618 ποικιλοτέρα
620 519 713 594 ἐστίν
730 521 748 602 ῆ
764 519 871 597 κλίσις
887 519 1002 591 αὐτῶν.
1037 501 1092 590 Τὰ
1108 517 1168 602 μέν

48 636 123 735 γὰρ
151 635 257 708 ἅλλα
281 635 327 709 τὰ
352 633 421 708 ἆπύ
446 635 620 734 οὐδετέρων
643 635 783 708 σύνθετα
809 636 887 719 μίαν
910 635 1009 719 μόνην
1033 636 1167 733 ἔχουσιν

49 757 193 838 εὐθεῖαν,
215 753 288 826 οἴου
304 751 393 852 φείος
413 753 586 852 παμφαῆς,
604 749 697 846 γένος
718 753 854 846 εὐγενῆς,
876 749 923 824 τὰ
966 749 981 824 ἐ
1005 748 1097 849 παρὰ
1122 749 1165 824 τδ

48 871 150 948 κλέος
168 872 330 953 σύνθετα,
349 869 501 955 δηλονότι
518 871 621 967 κύρια,
638 867 693 940 δύο
715 869 848 968 ἔχουσιν
871 869 999 952 εὐθείας,
1016 869 1094 952 μίαν
1118 869 1166 938 έν-

48 994 136 1070 τελῆ
155 986 217 1057 καὶ
241 987 318 1070 μίαν
335 986 555 1083 συνηρημένην,
573 983 642 1055 οίον
658 982 846 1081 Ἠρακλέης
859 981 1042 1081 Ἡρακλῆς.
1094 983 1191 1062 Καί5

49 1103 233 1200 ἀποροῦσι
251 1099 344 1185 τινές,
360 1101 530 1196 λέγοντες,
546 1101 583 1172 τί
598 1099 723 1183 δήποτε
742 1098 787 1171 τὰ
807 1098 899 1198 παρὰ
921 1099 965 1172 τὸ
982 1101 1076 1180 κλέος
1092 1100 1166 1172 σύν-

52 1221 148 1301 θετα,
168 1217 332 1303 δηλονότι
358 1215 459 1315 κύρια,
486 1215 541 1287 δύο
566 1217 699 1313 ἔχουσιν
724 1216 852 1299 εὐθείας,
873 1215 950 1298 μίαν
974 1218 1087 1300 ἐντελῆ
1112 1215 1165 1290 καί

51 1335 130 1418 μίαν
148 1334 383 1432 συνηρημένην,
400 1333 469 1405 οίον
483 1333 672 1432 Ἠρακλέης
686 1331 870 1430 Ἡρακλῆς,
887 1337 957 1404 τῆν’
969 1329 1080 1404 ἄλλων
1099 1339 1165 1405 τῶν

52 1449 122 1522 ὰπὸ
155 1449 339 1548 οὐδετέρων
367 1450 528 1521 συνθέτων
556 1449 634 1533 μίαν
659 1449 711 1520 καί
740 1449 839 1534 μόνην
865 1450 986 1522 εὐθεῖαν
1010 1450 1165 1548 ἐχόντων,

54 1565 174 1644 σθένος
204 1566 428 1650 Δημοσθένης,
455 1566 549 1658 γένος
578 1566 746 1659 Διογένης,
770 1563 859 1664 φάος
880 1569 1063 1664 παμφαῆς;
1095 1563 1163 1638 Καί
1176 1589 1215 1632 10

53 1681 256 1754 ἐτιλύονται
279 1681 446 1774 λέγοντες,
470 1679 524 1752 ὅτι
547 1681 581 1752 έν
601 1680 744 1764 τοιίτοις,
762 1682 849 1779 φημί
870 1681 908 1764 δίη
924 1691 996 1760 τοῖς
1012 1679 1105 1778 παρὰ
1121 1681 1165 1754 τδ

54 1799 151 1876 κλέος
169 1798 352 1880 συνθέτοις,
370 1795 522 1880 δηλονότι
536 1797 664 1895 κυρίοις,
681 1799 905 1896 καθαριεύουσι
922 1795 967 1870 τὰ
985 1801 1164 1895 φωνῆεντα,

56 1913 107 1983 καί
135 1913 275 1990 εἰκότως
299 1913 402 2009 ἔσχον
427 1915 638 2010 συνηρημένην
660 1915 792 1986 εὐθεῖαν.
843 1912 899 1986 Τὰ
920 1913 989 2013 γὰρ
1012 1913 1103 1987 ἄλλα
1125 1917 1166 1994 ὡς

57 2028 186 2124 ἔχοντα
209 2029 388 2126 σύμφωνον
407 2026 475 2127 πρύ
497 2035 559 2100 τοῦ
581 2035 774 2128 φωνήεντος,
791 2028 860 2103 οίον
877 2033 1012 2116 ἆσθενῆς
1029 2033 1164 2127 εὐγενῆς,

58 2145 192 2224 εἰκότως
211 2146 393 2242 συνοίρεσιν
406 2149 522 2217 παθεῖν
535 2147 591 2218 οὐκ
608 2146 772 2230 ἠδύναντο.
809 2145 859 2218 Εἰ
874 2146 909 2218 δέ
924 2179 976 2225 τις
992 2149 1164 2246 ἆπορῆσει,
1178 2169 1212 2234 15

58 2265 125 2337 πῶς
138 2259 197 2333 οὐν
209 2259 254 2334 τὸ
271 2261 432 2359 παμφαῆς
445 2263 497 2332 καί
515 2263 720 2361 χρυσοφαῆς,
734 2263 965 2360 καθαρεύοντα,
979 2265 1034 2334 οὐκ
1051 2264 1165 2362 ἔχουσι

63 2378 279 2474 συνηρημένην
295 2378 437 2464 εὐθεῖαν;
465 2374 620 2470 Λέγομεν
637 2380 677 2456 ὡς
693 2378 737 2462 μῆ
755 2379 835 2450 ὄντα
858 2380 960 2478 κύρια,
978 2381 1015 2452 οὐ
1037 2383 1167 2480 συνηρέ-

64 2493 179 2572 θησαν.
232 2491 369 2576 Ἀμέλει
389 2491 441 2563 καὶ
463 2501 535 2569 τοῖς
552 2491 643 2590 παρὰ
659 2491 703 2565 τύ
720 2493 814 2573 κλέος
831 2495 996 2575 συνθέτοις
1012 2494 1057 2569 τᾶ
1074 2497 1166 2604 κύρια

66 2605 147 2686 μόνα
171 2613 399 2706 συναιροῦσι-αι
422 2606 507 2679 κατὰ
527 2607 588 2691 τῆν
604 2611 735 2695 εὐθεῖαν,
753 2609 833 2696 οίον,
848 2611 1036 2712 Ἡρακλέης
1053 2613 1165 2712 Ἡρα·

67 2731 152 2808 κλῆς,
170 2725 354 2810 Νικοκλέης
371 2725 547 2810 Νικοκλῆς,
564 2727 634 2798 ἐπεί
659 2725 704 2799 τὰ
722 2727 858 2799 ἐπέθετο
882 2730 919 2798 οὐ
941 2736 1165 2826 συναιροῦνται
1178 2757 1215 2797 ιο

68 2839 150 2912 κατὰ
184 2844 248 2926 τῆν
275 2843 405 2924 εὐθεῖαν,
435 2844 476 2918 ὡς
503 2843 577 2926 μετ’
608 2843 727 2935 ολίγον
757 2839 913 2937 δείξομεν,
944 2841 1013 2915 οίον
1042 2845 1167 2928 εὐκλεῆς

71 2950 232 3044 δυσκλεὴς,
249 2956 359 3036 ἄλλως
373 2990 414 3031 τε
436 2955 471 3030 δὲ
492 2959 544 3029 καί
567 2959 607 3036 ὡς
624 2957 797 3052 ὀξυνόμενα
820 2959 857 3029 οὐ
880 2959 1109 3057 συνηρέθησαν,
1127 2961 1167 3038 ὡς

72 3066 213 3166 δείξομεν
231 3076 318 3158 ῆνίκιι
336 3073 493 3175 ζητοῦμεν
510 3073 600 3146 διατί
620 3073 666 3145 τὰ
689 3072 781 3170 παρὰ
804 3071 847 3147 τύ
867 3075 961 3153 κλέος
976 3077 1113 3149 ἐπίθετα
1130 3079 1167 3149 οὐ

24 3195 58 3262 3⁸
74 3197 293 3289 συναιροῦνται
310 3183 395 3262 κατύι
412 3191 473 3274 τῆν
488 3191 619 3263 εὐθεῖαν.
667 3189 785 3262 Ταῦτα
801 3188 859 3274 μέν
876 3193 908 3262 έν
925 3193 1065 3270 τούτοις.

120 3302 226 3400 Λέγει
248 3305 283 3378 δέ
302 3307 322 3377 ὁ
344 3304 501 3403 τεχνικὸς,
522 3303 576 3377 ὅτι
599 3311 703 3377 τοῦτο
724 3303 769 3377 τύ
792 3307 896 3390 ὄνομα
918 3308 970 3378 καί
996 3305 1041 3380 τὰ
1067 3307 1166 3392 ὅμοια
1178 3335 1212 3394 α5

75 3419 167 3512 αὐτῷ,
185 3422 339 3507 δηλονότι
365 3423 466 3518 κύρια,
483 3418 576 3518 παρὰ
597 3418 640 3492 τὸ
665 3421 759 3500 κλέος
784 3422 935 3504 σύνθετα,
953 3421 1008 3493 δύο
1034 3423 1167 3518 ἔχουσιν

76 3533 198 3624 εὐθείας,
214 3539 290 3623 μίαν
307 3541 420 3621 ἐντελῆ
436 3538 496 3622 τῆν
509 3536 707 3634 Ἠρακλέης,
720 3538 773 3608 καί
785 3538 862 3621 μίαν
879 3537 1091 3636 σννηρημένην
1106 3537 1167 3620 τῆν

73 3645 248 3748 Ἡρακλῆς,
271 3655 389 3731 α’ίτινες
412 3657 546 3747 γεννῶσι
571 3650 696 3746 γενικὰς
718 3653 896 3749 τέσσαρας,
914 3655 933 3736 ἧ
950 3652 1081 3736 ἐντελῆς
1097 3651 1176 3740 δύο,Ι

77 3765 145 3842 μίαν
170 3769 284 3853 ἐντελῆ
313 3770 365 3840 καί
394 3769 471 3853 μίαν
500 3769 721 3866 συνηρημένην,
747 3765 817 3840 οίον
843 3767 1032 3867 Ἠρακλέης
1054 3751 1166 3868 Ἠρα-

77 3883 176 3965 κλέεος
201 3885 417 3984 Ἡρακλέους,
439 3884 491 3956 καί
518 3889 536 3968 ῆ
562 3885 756 3982 σννηρημένη
780 3883 846 3970 δύο,
871 3885 948 3969 μίαν
970 3885 1085 3971 ἐντελῆ
1111 3887 1214 3968 καί3ο

78 3996 145 4072 μίαν
177 4003 396 4102 συνηρημένην,
432 3999 501 4072 οἷον
535 4000 708 4099 Ἡρακλῆς
742 3999 932 4099 Ἡρακλέος
964 4001 1164 4101 Ἠρακλοῦς.

79 4105 199 4190 ’Ῑστέον
215 4113 250 4190 δέ
266 4118 319 4190 ὅτι
337 4119 375 4190 οὐ
390 4117 490 4202 μόνον
501 4117 663 4214 τέσσαρες
679 4118 742 4189 εἰσί
761 4117 895 4212 γενικαί,
905 4115 996 4190 ἆλλᾶ
1009 4119 1164 4204 πλείονες,

82 4227 116 4304 ὡς
136 4235 251 4332 ἔχομεν
277 4231 377 4329 δεῖξαι
402 4235 463 4318 τῆν
487 4233 595 4304 κλίσιν
619 4239 682 4305 τοῦ
703 4232 875 4330 Ἡρακλῆς
899 4235 1165 4332 παρατιθέμενοι.

81 4338 254 4449 Ἀπορσῆσι
272 4350 413 4438 δέτινες,
424 4349 593 4444 λέγοντες,
605 4353 673 4428 πῶς
690 4352 708 4432 ἦ
725 4349 919 4447 σννηρημένη
932 4349 1034 4423 εὐθεῖα
1051 4349 1166 4434 ἐντελῆ

592 4483 613 4528 Ζ
628 4481 648 4534 2
