2954 5024
7 385 53 452 ι,
420 383 488 445 ωε
509 365 566 445 ’το
588 369 880 456 οωουικτικου.
1133 380 1194 464 μσς

66 549 174 650 &kp
199 553 277 637 μίαν
293 553 468 642 συλλαβήν
484 552 537 625 διά
559 559 624 626 τοῦ
644 565 687 625 κο·
709 553 888 638 κλίνονται,
905 553 946 629 ὦς’
970 551 1108 649 ε’ίρητοι,
1125 550 1195 623 οίον

67 669 219 767 χαρίεις
239 671 421 768 χαρίεντος,
438 673 563 754 τιμήεις
584 673 767 753 τιμήεντος,
786 674 853 744 πῶς
878 666 924 740 τά
946 666 1046 746 ούάείς
1071 665 1195 778 ρύδὲνάς

70 787 128 857 ού
154 787 298 857 κλίνεται
327 784 378 858 διὰ
407 793 470 858 τοῦ
495 809 563 875 ατς
592 784 722 890 Ἔστιν
745 782 800 857 ούν
823 763 934 870 είτείν,
958 784 1012 856 άτι
1039 785 1094 856 ούκ
1118 785 1195 857 ἔστί

71 907 197 974 τοῦτο
213 901 295 1000 ύκὲρ
319 901 396 986 μίαν
413 903 598 1004 συλλαβήν,
615 899 687 972 ούάέ
710 902 785 973 ἔστι
811 898 880 997 γάρ
904 901 964 984 μία
989 898 1077 996 λέξις
1102 899 1196 973 άλλά

75 1017 159 1089 δύο.
204 1017 317 1090 Ἔστι
334 1015 403 1115 γάρ
419 1015 462 1089 τά
480 1017 542 1095 θείς
559 1018 675 1103 ὄνομα,
693 1017 776 1116 ὅτερ
795 1015 982 1100 ίσοάυναμεΐ
995 1024 1045 1111 τῷ
1061 1019 1122 1101 τίς,
1140 1019 1220 1099 καί5

76 1139 104 1216 ἦ
127 1135 167 1204 ού
186 1134 371 1236 ἆτάφασις,
388 1135 442 1204 καὶ
466 1130 587 1205 λοιτάν
604 1133 746 1227 εύλάγως
770 1137 788 1216 ή
813 1134 920 1210 κλίσις
941 1141 1004 1206 τοῦ
1028 1132 1090 1212 άείς
1107 1132 1194 1211 θεούς

76 1248 281 1349 ἐφυλάχθη.
305 1248 440 1348 Ὧάτὲρ
454 1249 522 1347 γὰρ
534 1249 744 1347 τῷὌμηρος
761 1250 912 1334 ὀνόματι,
925 1247 943 1332 ’ή
960 1251 1025 1322 τινί
1041 1252 1193 1342 τοιούτῳ,

75 1363 337 1445 συντάσσοντες
368 1368 430 1450 τήν
463 1369 500 1438 ού
532 1367 719 1464 ιἰτόφασιν,
752 1362 970 1462 φυλάττομεν
1002 1366 1063 1449 τήν
1096 1367 1194 1450 αύτήυ

76 1482 211 1563 κλίσιν,
239 1477 309 1552 οἷον
333 1483 396 1580 ούχ
414 1463 577 1579 Ὄμηρος,
601 1483 664 1579 ούχ
688 1481 845 1578 Ὀμήρου,
872 1482 935 1578 ούχ
959 1480 1108 1578 Ὁμήρῳ,
1131 1482 1195 1579 ούχ

68 1595 250 1694 Ὅμηρον,
268 1595 367 1674 ούτως
383 1598 435 1668 καί
452 1599 592 1669 ἐνταῦθα
609 1600 846 1694 προσελθοῦσα
864 1599 882 1679 ή
899 1597 937 1667 ού
955 1595 1130 1694 ἀπόφασις
1145 1601 1196 1689 τῷ
1206 1622 1243 1664 10

80 1712 156 1789 ὃείς
185 1710 284 1788 δεινάς
302 1714 363 1795 τήν
388 1713 487 1796 αύτήν
508 1713 617 1784 κλίσιν
639 1709 813 1811 ἐφύλαξεν,
839 1709 909 1783 οίαν
929 1709 1028 1789 οὐδείς
1057 1711 1192 1790 ούάενάς.

81 1807 212 1900 Ταῦτα
228 1827 287 1912 μέν
303 1829 338 1899 ἕν’
351 1829 493 1906 τούτοις.

95 1969 97 1972 ·
138 1941 273 2016 Ἰστέον
291 1943 325 2015 δὲ
349 1944 402 2015 καί
422 1951 538 2027 τούτο,
557 1943 612 2016 ὅτι
637 1941 683 2017 τά
707 1947 750 2021 είς
768 1967 822 2016 σιτ
839 1947 991 2038 λήγοντα
1010 1943 1091 2043 ὑπὲρ
1116 1945 1194 2029 μίαν

7 2060 269 2148 δασυλλαβήν
302 2059 450 2144 ὀνόματα
479 2062 766 2144 κοινολεκτούμενα
799 2059 999 2156 βαρύνεσθαι
1031 2059 1192 2143 θέλουσιν,

86 2176 175 2260 σίου,
203 2176 328 2273 χαρίεις
349 2179 473 2259 τιμήεις
498 2174 649 2272 άαφνήεις
674 2173 806 2258 αύδήεις.
859 2173 1066 2270 Πρόσκειται
1091 2185 1110 2216 “
1122 2175 1194 2246 άνά-
1206 2195 1240 2259 15

84 2292 202 2376 μα’τα”
230 2290 313 2390 τρύς
343 2291 599 2374 άντιάιαστολήν
623 2295 690 2362 τῶν
715 2295 876 2386 μετοχῶν,
900 2291 936 2360 αι’
960 2286 1028 2388 γάρ
1049 2291 1194 2388 μετοχαί

85 2389 263 2500 ὀξύνεσθαι
293 2406 454 2487 θέλουσιν,
482 2404 551 2476 οίον
579 2404 728 2504 τυφθεὶς,
758 2403 873 2502 άαρείς,
908 2407 1020 2499 νυγείς.
1073 2405 1195 2505 Πρόσ-

85 2539 195 2593 κειται
209 2521 318 2620 “ύτέρ
329 2523 406 2605 μίαν
418 2521 611 2608 συλλαβήν”
625 2519 676 2592 &a
689 2518 736 2592 τά
745 2518 1043 2616 κτείίάξυνόμενον.
1074 2522 1195 2622 Πρόσ-

87 2668 196 2710 κειται
224 2637 574 2722 “κοινολεκτοιίμευα,”
603 2637 714 2720 έτειάή
744 2635 788 2709 τά
822 2639 947 2731 εὐγενής
980 2640 1032 2710 καὶ
1060 2641 1194 2729 εὐσεβής

91 2757 127 2825 οί
153 2753 300 2825 Βοιωτοί
330 2752 381 2825 &a
413 2761 472 2836 τῆς
499 2781 532 2823 m
562 2751 756 2849 άιφθάγγου
777 2754 1020 2851 προφέρονται·
1046 2757 1099 2826 καί
1126 2757 1194 2827 ι’άού
1206 2797 1243 2836 20

88 2877 200 2943 ταῦτα
225 2867 403 2964 άξύυονται,
425 2869 503 2939 ἁλλ’
527 2870 582 2939 ούκ
611 2868 674 2938 εἶσί
696 2865 783 2939 κατὰ
807 2869 868 2952 τήν
889 2869 994 2953 κοινήν
1011 2867 1192 2944 διάλεκτον.

90 2985 239 3058 θέλουσι
257 2984 293 3058 άέ
307 2983 352 3057 τὰ
369 2987 412 3062 εἷς
428 3013 482 3056 mx
498 2987 651 3077 λήγοντα
667 2982 748 3081 ύτέρ
764 2984 841 3068 μίαν
853 2986 1030 3074 συλλαβήν
1045 2987 1196 3071 ὀνόματα

88 3102 378 3186 κοινολεκτούμενα
395 3098 541 3197 καθαράν
556 3101 644 3196 ἔχειν
666 3101 726 3184 τήν
752 3131 785 3173 αι
811 3100 1015 3201 δίφθογγον,
1036 3105 1193 3177 τουτέστι

90 3217 137 3300 μή
162 3217 306 3314 ἔχουσαν
321 3219 498 3314 σύμφωνον
514 3215 770 3313 προηγούμενον,
788 3215 867 3301 οίον,
887 3220 1026 3316 χαρίεις,
1039 3221 1193 3306 ἆυεμάεις,

90 3333 248 3414 ύάατόεις,
269 3337 402 3417 τιμήεις,
429 3331 591 3430 άαφνήεις,
618 3331 796 3430 ἀστερόεις,
824 3337 1021 3430 φθογγήεις.
1074 3335 1240 3433 Πράσ-ι5

90 3473 198 3521 κειται
215 3448 326 3547 “ύτέρ
346 3449 423 3534 μίαν
439 3447 631 3536 συλλαβήν”
650 3445 702 3519 διὰ
724 3445 767 3519 τά
789 3447 884 3524 κτείςὁ
910 3453 1014 3519 τοῦτο
1033 3447 1102 3547 γάρ
1124 3437 1192 3547 ἔχει

90 3566 339 3663 προηγούμενον
363 3573 421 3648 τῆς
448 3593 481 3634 m
508 3561 703 3662 διφθάγγου
727 3564 913 3660 σύμφωνον,
931 3564 1011 3634 ἄλλ’
1028 3566 1083 3635 ούκ
1101 3565 1193 3637 ἔστιν

90 3681 174 3781 ὑπὲρ
209 3683 286 3765 μίαν
325 3683 509 3769 συλλαβήν.
579 3678 785 3778 Πρόσκειται
821 3679 1021 3765 “άνο’ματα”
1055 3678 1108 3753 διὰ
1149 3679 1193 3755 τά

90 3798 230 3896 τυφθεὶς
254 3796 305 3868 καί
331 3796 445 3894 άαρείς·
481 3801 588 3868 ταῦτα
619 3793 687 3892 γὰρ
716 3797 830 3892 ἔχουσι
861 3797 1107 3894 προηγούμενον
1134 3806 1195 3882 τήν

93 3943 128 3985 ιιι
162 3911 357 4010 διφθάγγου
389 3912 574 4008 σύμφωνον,
609 3913 688 3982 ἀλλ’
722 3914 777 3983 ούκ
810 3913 892 3984 είσὶν
920 3914 1067 3998 ὀνόματα
1101 3913 1242 4007 άλλά3ο

91 4031 249 4126 μετοχαί.
303 4027 509 4127 Πρόσκειται
527 4036 550 4070 “
560 4029 874 4114 κοινολεκτούμευα,”
891 4027 999 4112 έπειάή
1015 4028 1060 4103 τά
1074 4027 1194 4128 Λάχης

91 4143 206 4218 καὶτὸ
223 4145 317 4228 πένης
334 4147 370 4216 οἱ
383 4144 528 4216 Βοιωτοί
547 4142 599 4216 άιᾶ
616 4153 675 4228 τῆς
692 4175 725 4216 αι
743 4143 938 4243 άιφθάγγου
949 4147 1192 4244 προφέρονται,

94 4260 223 4358 Λάχεις
256 4261 308 4332 καί
333 4262 436 4338 τίνεις
460 4261 628 4354 λέγοντες·
671 4261 723 4331 καί
751 4259 819 4332 ίάού
843 4269 951 4334 ταῦτα
978 4263 1092 4359 έχουσι
1125 4261 1193 4360 τρά

92 4386 151 4461 τῆς
168 4406 201 4449 ιιι
221 4376 415 4476 άιφθάγγου
431 4378 616 4473 σύμφωνον,
632 4377 709 4448 ἄλλ’
728 4378 783 4448 ούκ
809 4378 872 4449 εἶσί
897 4379 1192 4463 κοινολεκτούμενα.

94 4493 145 4565 Ού
162 4494 295 4568 θέλουσι
313 4491 347 4565 δέ
363 4497 620 4591 ταραλήγεσθαι
637 4499 687 4584 τῷ
705 4525 728 4576 1,
742 4493 818 4565 ἀλλ’
837 4493 922 4584 ήτῷ
941 4523 987 4580 ιιι,
1004 4495 1045 4571 ὡς
1061 4493 1114 4565 έτί
1131 4498 1194 4566 τοῦ
1202 4528 1218 4587 3
1223 4525 1240 4588 ς

615 4629 637 4672 n
652 4605 710 4674 θα
