2954 5024
293 323 356 368 210
583 308 786 366 εαονηος
807 308 1101 396 κοινοοοεκοτ
1426 300 1461 358 11

291 475 360 546 οἷον
395 477 575 572 Ἀχιλλῑος
609 479 778 560 βασιλὶος.
848 475 1013 546 Τοιοῦτον
1046 476 1121 546 ἐστὶ
1155 475 1208 542 καί
1243 471 1292 543 τὸ
1329 471 1415 546 Ζεύς

293 594 478 669 Βοιατικῦς
499 593 669 682 γινόμενον
685 591 771 661 κατὰ
796 593 856 672 τῆν
875 593 999 682 γενικὴν
1017 589 1099 667 Διὸς
1116 587 1168 660 διὰ
1184 595 1248 660 τοῦ
1267 619 1279 658 1
1299 589 1360 657 καί
1382 619 1412 657 ο.

291 709 335 780 τύ
352 709 421 804 γὰρ
439 739 458 780 ι
475 713 518 785 είς
540 709 582 780 τῦ
600 741 620 778 A
636 711 817 804 τρίταισιν
833 712 867 777 οἱ
886 707 1045 791 Βοιωτοί,
1066 703 1135 777 οἷον
1152 707 1260 788 Ζῆθος
1280 709 1412 788 Δῆθος,

293 825 392 902 οὗτος
405 823 459 894 οὐν
475 826 527 892 καί
545 825 623 900 Ζεὺς
639 825 732 906 Δεύς,
748 825 801 892 καί
819 821 941 894 λοιτόν
956 822 1025 894 ἆτό
1049 829 1112 894 τοῦ
1129 823 1212 899 Δεύς
1228 823 1372 914 ἐγένετο
1391 825 1409 899 ἦ

293 942 401 1032 γενικὴ
435 939 487 1008 διὰ
516 946 578 1008 τοῦ
608 970 619 1010 1
649 941 702 1008 καί
734 971 754 1008 ο
783 939 968 1014 Βοιωτικῶς
993 937 1084 1018 Διὸς,
1111 936 1155 1009 τὸ
1191 935 1261 1034 ’γὰρ
1298 949 1435 1008 κοινο-,ῖ

293 1059 516 1136 λεκτούμενον.
542 1057 633 1146 λε’γο
661 1055 698 1136 ὐῆ
726 1054 770 1125 τὸ
799 1054 887 1136 Ζεὺς,
918 1055 956 1123 οὐ
984 1055 1140 1134 κλίνεται,
1164 1051 1219 1122 διὰ
1244 1055 1407 1133 τοιαύτην

294 1173 412 1242 αἰτίαν·
438 1176 505 1242 τᾶν
521 1174 625 1251 ὄνομα
651 1171 910 1254 μονοσύλλαβον
927 1172 970 1246 είς
996 1199 1014 1240 z
1038 1177 1157 1264 λῆγον,
1174 1167 1337 1262 ὀξύν-ανον
1352 1166 1403 1248 ὅν,

293 1288 312 1368 ῆ
338 1285 389 1356 ὐιᾶ
419 1293 565 1384 καθαροῦ
593 1291 655 1356 τοῦ
683 1316 723 1356 οε
745 1286 944 1367 κλινόμενον,
969 1281 1032 1354 τὸν
1053 1284 1175 1379 χρόνον
1196 1293 1258 1364 τῆς
1282 1284 1404 1356 εὐθείας

294 1406 379 1474 θελει
407 1399 591 1497 φυλιίττειν
614 1401 667 1469 καί
693 1403 726 1469 ἐν
751 1406 794 1492 τῆ
820 1407 939 1492 wengi,
963 1397 1033 1469 οἷον
1050 1399 1147 1495 Τριύς
1165 1398 1296 1496 Τρωὸς,
1319 1399 1403 1478 ὐμύνς

294 1515 407 1598 ὐμινός.
423 1518 470 1592 κίς
486 1514 564 1598 κιὸς,
580 1517 633 1590 λὶς
649 1513 732 1598 λιῦς,
750 1517 910 1604 (σημαίνει
937 1514 971 1584 δὲ
995 1513 1056 1585 τύν
1076 1515 1223 1602 λεόντα.)
1281 1515 1403 1610 Πρύσ-
1414 1543 1444 1578 ιο

293 1663 395 1702 κειται
414 1642 436 1672 “
448 1633 709 1716 μονοσύλλαβα”
727 1629 778 1700 διὰ
804 1629 847 1701 τὸ
872 1629 1052 1725 Ἀχιλλεύς
1074 1629 1276 1724 Ἀχιλλέως,
1298 1636 1400 1701 τοῦτο

295 1745 363 1844 γὰρ
380 1745 535 1840 ὀξύτονον
552 1743 589 1815 ῦν
605 1748 661 1816 οὐκ
686 1745 833 1842 ἐφύλαξε
857 1745 918 1815 τὸν
935 1747 1057 1842 χρόνον
1073 1753 1131 1826 τῆς
1156 1747 1279 1822 εὐθείας
1298 1747 1351 1815 καί
1367 1747 1399 1814 ἓν

294 1870 336 1954 τῆ
356 1870 474 1954 γεναῆ,
492 1863 571 1931 ἀλλ’
588 1865 643 1932 οὐκ
668 1863 744 1932 ἔστι
768 1863 1038 1947 μονοσύλλαβον.
1089 1859 1300 1956 Πρόσκειται
1326 1863 1398 1935 ιἐίς

296 2007 313 2047 x
330 1979 466 2067 λῆγον,”
483 1975 535 2046 διὰ
551 1975 595 2046 τὸ
614 1977 703 2072 φρῆν
720 1975 850 2072 φρενὸς,
867 1983 972 2046 τοῦτο
999 1974 1067 2071 ’γὰρ
1083 1977 1345 2062 μονοσύλλαβον
1358 1969 1396 2045 ῦν

193 2120 253 2186 119
268 2091 345 2164 ιικαί
376 2091 530 2185 ὁξύτονον
562 2093 618 2161 οὐκ
647 2091 795 2186 ἐφύλαξε
820 2091 882 2162 τὸν
910 2093 1032 2189 χρόνον
1058 2099 1117 2174 τῆς
1146 2093 1267 2168 εὐθείας
1297 2093 1330 2160 ἐν
1352 2097 1436 2182 τῆις

295 2215 413 2301 γενικῆ,
431 2209 508 2276 ἀλλ’
527 2209 565 2277 οὐ
581 2212 677 2297 λῆγει
694 2209 738 2282 είς
756 2237 784 2276 2.
837 2207 1043 2303 Πρόσκειται
1064 2217 1084 2248 “
1095 2206 1270 2300 ὀξύτονον”
1284 2205 1336 2278 διὰ
1352 2203 1395 2276 τύ

293 2326 372 2410 βοῦς
397 2321 489 2410 βούς,
506 2323 559 2393 καί
587 2329 655 2398 νοῦς
678 2321 761 2407 νοὸς,
777 2323 828 2392 καί
856 2329 951 2420 γρεῦς
974 2324 1081 2418 γρεός·
1108 2329 1172 2400 νεῦς
1199 2321 1234 2392 δὲ
1263 2325 1394 2402 ἐστίνῆ

294 2445 365 2514 ναῦς
393 2439 444 2508 καί
477 2443 573 2534 ’γρεῦς
601 2442 620 2518 ἡ
651 2445 761 2532 γραῦς·
805 2445 912 2510 ταῦτα
946 2437 1015 2534 γὰρ
1050 2441 1105 2508 οὐκ
1138 2435 1310 2534 ἐφύλαξαν
1335 2436 1394 2508 τὸν

293 2554 414 2650 χρόνον
430 2560 489 2634 τῆς
506 2551 586 2628 ίύίας
602 2554 721 2628 εὐθείας
738 2555 770 2622 ἐν
786 2560 830 2647 τῆ
846 2560 966 2646 γενικῆ,
979 2555 1058 2624 ἀλλ’
1075 2555 1130 2624 οὐκ
1147 2555 1228 2623 εἰσίν
1246 2552 1391 2648 ὀξύτονα,

294 2665 385 2738 ιἰλλᾶ
419 2670 660 2766 τερισπώμενα.
730 2669 936 2765 Πρόσκειται
968 2679 989 2709 “
1004 2667 1056 2739 διὰ
1082 2674 1227 2768 καθαροῦ
1259 2677 1322 2742 τοῦ
1354 2695 1431 2740 01²0

294 2785 484 2868 κλινόμενα”
502 2783 553 2856 διὰ
570 2783 613 2856 τύ
630 2783 707 2861 Ζεύς
723 2783 854 2870 Ζεντύς,
871 2791 976 2856 τοῦτο
1003 2782 1071 2881 γὰρ
1094 2786 1149 2854 οὐκ
1173 2784 1319 2882 ἐφύλαξε
1335 2783 1391 2856 τὸν

294 2903 415 2998 χρόνον
444 2910 502 2984 τῆς
534 2902 652 2978 εὐθείας
683 2902 714 2970 ἐν
743 2907 786 2993 τῇ
818 2907 937 2993 γενικῆ.
996 2899 1046 2968 Ἡ
1074 2899 1131 2982 μὲν
1160 2903 1264 2972 εὐθεῖα
1295 2903 1388 2998 φύσει

292 3014 417 3112 μακρὸν
438 3017 505 3109 ἔχει
536 3013 578 3084 τὸ
599 3020 668 3098 ιι,ῆ
695 3015 730 3087 δὲ
755 3018 862 3108 ’γενικὴ
887 3018 985 3098 θέσει,
1005 3017 1084 3087 ἄλλ’
1110 3017 1147 3085 οὐ
1171 3017 1315 3088 κλίνεται
1341 3015 1388 3088 &a
1458 3035 1459 3042 ’

292 3135 437 3226 καθαροῦ
464 3137 525 3200 τοῦ
552 3161 602 3201 oz.
646 3131 733 3202 Ἔτι
763 3131 958 3228 πρόσκειται
983 3141 1005 3173 “
1016 3130 1068 3202 διὰ
1098 3135 1242 3228 καθαροῦ
1266 3139 1328 3202 τοῦ
1352 3161 1387 3202 οε

293 3245 507 3328 κλινόμενον,”
526 3245 577 3316 διὰ
600 3245 643 3316 τὸ
669 3247 748 3323 τούς
776 3245 888 3328 τούὐς,
911 3247 963 3316 καί
994 3249 1080 3323 κτεὶς
1104 3247 1224 3322 κτενός.
1277 3247 1424 3337 Ταῦται5

295 3359 363 3458 γὰρ
380 3363 435 3432 οὐκ
451 3359 621 3460 ἐφύλαξαν
636 3361 697 3435 τὸν
714 3363 836 3458 χρόνον
853 3371 912 3445 τῆς
929 3363 1048 3438 εὐθείας
1068 3365 1158 3456 ε’ντῆ
1177 3370 1297 3456 γενικῆ,
1314 3365 1385 3435 ἁλλ’

295 3479 332 3548 οὐ
347 3479 511 3550 κλίνονται
530 3476 581 3549 ὐιύ
599 3481 744 3572 καθαροῦ
759 3483 821 3546 τοῦ
839 3507 890 3548 οἳ.
943 3476 992 3547 Εἰ
1016 3476 1081 3575 ἄρα
1107 3475 1160 3548 οὐν
1177 3478 1196 3548 ὁ
1213 3477 1291 3556 Ζεύς
1308 3483 1348 3558 είς
1371 3511 1386 3552 1

294 3601 401 3686 λῆγον
417 3595 469 3667 καί
486 3594 743 3681 μονοσύλλαβον
761 3594 834 3664 ἐστὶ
852 3594 903 3664 καί
921 3591 1077 3688 α’ξύτονον
1092 3593 1145 3664 καί
1171 3591 1224 3664 διὰ
1249 3599 1386 3692 καθαροῦ

295 3713 356 3776 τοῦ
378 3737 419 3777 02
441 3709 596 3794 κλίνεται,
616 3709 742 3805 ὀφείλει
773 3706 868 3781 Ζενύς
895 3706 972 3778 εἶναι
999 3707 1084 3779 κατὰ
1110 3710 1169 3792 τῆν
1193 3713 1318 3802 ’γενικὴν
1338 3711 1383 3783 διὰ

295 3828 353 3900 τῆς
371 3850 410 3891 ατ
426 3821 629 3919 ὐιφθόγγου,
644 3823 696 3892 ἰ’να
714 3819 846 3919 φνλύξη
863 3820 923 3894 τύν
940 3823 1061 3918 χρόνον
1077 3831 1135 3906 τῆς
1161 3827 1279 3902 εὐθείας
1301 3829 1382 3922 ε’ντῆ
1390 3861 1420 3919 30

298 3941 413 4028 γενικῆ·
441 3937 519 4006 ἁλλ’
536 3936 643 4020 ε’τειύῆ
667 3937 712 4009 τὰ
737 3941 780 4014 είς
804 3969 859 4010 ατε
882 3935 1121 4026 ἀποβάλλουσι
1138 3939 1180 4012 τὸ
1196 3971 1215 4012 τ
1231 3941 1315 4014 κατὰ
1330 3945 1381 4026 τῆν

297 4051 431 4143 γενικῆν,
449 4049 517 4122 οἷον
536 4051 664 4135 Πηλεύς
681 4053 823 4138 Πηλέος,
834 4053 1219 4152 ἈχιλλεύςἈχιλλίος,
1236 4059 1381 4144 βασιλεῦς

296 4167 469 4252 βασιλέως,
488 4167 610 4251 Θησεύς
627 4169 763 4252 Θησέος·
782 4169 880 4266 χωρίς
897 4167 1088 4268 τοῦἈρενς
1099 4169 1250 4269 Ἀρευος·
1275 4173 1380 4262 (τοῦτο

296 4279 364 4377 γὰρ
382 4279 527 4378 ἐφύλαξε
543 4282 585 4354 τὸ
602 4315 621 4356 τ
638 4282 729 4383 παρὰ
746 4295 817 4362 τοῖς
834 4285 1013 4357 Αἰολεῦσιν
1031 4281 1111 4370 οἷον,

453 4417 561 4490 Ἀρινοε
576 4421 782 4490 στρατιατίροιε.
801 4461 807 4474 .
1384 4443 1410 4499 35
