<?xml version="1.0" encoding="UTF-8"?>
<!DOCTYPE html PUBLIC "-//W3C//DTD XHTML 1.0 Transitional//EN"
    "http://www.w3.org/TR/xhtml1/DTD/xhtml1-transitional.dtd">
<html xmlns="http://www.w3.org/1999/xhtml" xml:lang="en" lang="en">
 <head>
  <title>
</title>
<meta http-equiv="Content-Type" content="text/html;charset=utf-8" />
  <meta name='ocr-system' content='tesseract 3.04.00' />
  <meta name='ocr-capabilities' content='ocr_page ocr_carea ocr_par ocr_line ocrx_word'/>
</head>
<body>
  <div class='ocr_page' id='page_1' title='image "./georgiichoerobo00choegoog_0372.png"; bbox 0 0 2958 5018; ppageno 0'>
   <div class='ocr_carea' id='block_1_1' title="bbox 428 323 1208 409">
    <p class='ocr_par' dir='ltr' id='par_1_1' title="bbox 428 323 1208 409">
     <span class='ocr_line' id='line_1_1' title="bbox 428 323 1208 409; baseline 0.005 -23"><span class='ocrx_word' id='word_1_1' title='bbox 428 323 496 388; x_wconf 68' lang='lat' dir='ltr'>mx</span> <span class='ocrx_word' id='word_1_2' title='bbox 517 324 573 386; x_wconf 87' lang='grc' dir='ltr'>το</span> <span class='ocrx_word' id='word_1_3' title='bbox 595 323 889 389; x_wconf 76' lang='grc' dir='ltr'>οιιουκττκου.</span> <span class='ocrx_word' id='word_1_4' title='bbox 1146 323 1208 409; x_wconf 73' lang='grc' dir='ltr'>ιος</span> 
     </span>
    </p>
   </div>
   <div class='ocr_carea' id='block_1_2' title="bbox 98 489 1256 2433">
    <p class='ocr_par' dir='ltr' id='par_1_2' title="bbox 98 489 1233 1500">
     <span class='ocr_line' id='line_1_2' title="bbox 99 489 1208 592; baseline 0.002 -28"><span class='ocrx_word' id='word_1_5' title='bbox 99 501 183 568; x_wconf 84' lang='grc' dir='ltr'>τοῖς</span> <span class='ocrx_word' id='word_1_6' title='bbox 200 489 384 570; x_wconf 77' lang='grc' dir='ltr'>Μενελάοις</span> <span class='ocrx_word' id='word_1_7' title='bbox 399 502 470 570; x_wconf 81' lang='grc' dir='ltr'>τοῖς</span> <span class='ocrx_word' id='word_1_8' title='bbox 487 493 667 583; x_wconf 83' lang='grc' dir='ltr'>Μενέλεῳς,</span> <span class='ocrx_word' id='word_1_9' title='bbox 686 495 773 576; x_wconf 89' lang='grc' dir='ltr'>ήνίκα</span> <span class='ocrx_word' id='word_1_10' title='bbox 791 493 826 566; x_wconf 76' lang='grc' dir='ltr'>δὲ</span> <span class='ocrx_word' id='word_1_11' title='bbox 844 493 888 568; x_wconf 82' lang='grc' dir='ltr'>τά</span> <span class='ocrx_word' id='word_1_12' title='bbox 904 493 1010 567; x_wconf 81' lang='grc' dir='ltr'>κοινὸν</span> <span class='ocrx_word' id='word_1_13' title='bbox 1031 496 1099 592; x_wconf 78' lang='grc' dir='ltr'>ἔχει</span> <span class='ocrx_word' id='word_1_14' title='bbox 1116 494 1159 568; x_wconf 84' lang='grc' dir='ltr'>τά</span> <span class='ocrx_word' id='word_1_15' title='bbox 1179 525 1208 576; x_wconf 87' lang='grc' dir='ltr'>τ,</span> 
     </span>
     <span class='ocr_line' id='line_1_3' title="bbox 99 604 1208 704; baseline 0.005 -27"><span class='ocrx_word' id='word_1_16' title='bbox 99 609 145 678; x_wconf 76' lang='grc' dir='ltr'>οὗ</span> <span class='ocrx_word' id='word_1_17' title='bbox 174 604 384 704; x_wconf 76' lang='grc' dir='ltr'>φυλάττεται</span> <span class='ocrx_word' id='word_1_18' title='bbox 410 610 441 679; x_wconf 82' lang='grc' dir='ltr'>έν</span> <span class='ocrx_word' id='word_1_19' title='bbox 465 615 516 701; x_wconf 78' lang='grc' dir='ltr'>τῷ</span> <span class='ocrx_word' id='word_1_20' title='bbox 537 609 699 701; x_wconf 79' lang='grc' dir='ltr'>Ἀττικῷ,</span> <span class='ocrx_word' id='word_1_21' title='bbox 722 609 801 692; x_wconf 79' lang='grc' dir='ltr'>οἷον,</span> <span class='ocrx_word' id='word_1_22' title='bbox 820 610 897 688; x_wconf 79' lang='grc' dir='ltr'>τοὺς</span> <span class='ocrx_word' id='word_1_23' title='bbox 920 608 1108 690; x_wconf 76' lang='grc' dir='ltr'>Μενελάους</span> <span class='ocrx_word' id='word_1_24' title='bbox 1132 611 1208 690; x_wconf 83' lang='grc' dir='ltr'>τοίις</span> 
     </span>
     <span class='ocr_line' id='line_1_4' title="bbox 100 723 1208 824; baseline 0.004 -30"><span class='ocrx_word' id='word_1_25' title='bbox 100 723 291 802; x_wconf 79' lang='grc' dir='ltr'>Μενέλεως.</span> <span class='ocrx_word' id='word_1_26' title='bbox 334 723 464 796; x_wconf 84' lang='grc' dir='ltr'>Ἔστιν</span> <span class='ocrx_word' id='word_1_27' title='bbox 485 723 538 798; x_wconf 74' lang='grc' dir='ltr'>οθν</span> <span class='ocrx_word' id='word_1_28' title='bbox 556 727 666 808; x_wconf 82' lang='grc' dir='ltr'>εἰπεῖν,</span> <span class='ocrx_word' id='word_1_29' title='bbox 683 725 738 798; x_wconf 82' lang='grc' dir='ltr'>ὅτι</span> <span class='ocrx_word' id='word_1_30' title='bbox 765 723 817 796; x_wconf 78' lang='grc' dir='ltr'>διὰ</span> <span class='ocrx_word' id='word_1_31' title='bbox 843 733 946 798; x_wconf 78' lang='grc' dir='ltr'>τοῦτο</span> <span class='ocrx_word' id='word_1_32' title='bbox 971 724 1014 798; x_wconf 81' lang='grc' dir='ltr'>τά</span> <span class='ocrx_word' id='word_1_33' title='bbox 1039 757 1050 798; x_wconf 89' lang='grc' dir='ltr'>ι</span> <span class='ocrx_word' id='word_1_34' title='bbox 1075 724 1208 824; x_wconf 87' lang='grc' dir='ltr'>φυλάτ-</span> 
     </span>
     <span class='ocr_line' id='line_1_5' title="bbox 98 839 1208 939; baseline 0.002 -27"><span class='ocrx_word' id='word_1_35' title='bbox 98 871 206 912; x_wconf 74' lang='grc' dir='ltr'>τεται</span> <span class='ocrx_word' id='word_1_36' title='bbox 231 839 284 910; x_wconf 82' lang='grc' dir='ltr'>καί</span> <span class='ocrx_word' id='word_1_37' title='bbox 307 841 340 911; x_wconf 79' lang='grc' dir='ltr'>έν</span> <span class='ocrx_word' id='word_1_38' title='bbox 362 847 411 932; x_wconf 74' lang='grc' dir='ltr'>τῷ</span> <span class='ocrx_word' id='word_1_39' title='bbox 433 840 591 931; x_wconf 74' lang='grc' dir='ltr'>Ἀττικῷ,</span> <span class='ocrx_word' id='word_1_40' title='bbox 608 840 716 924; x_wconf 74' lang='grc' dir='ltr'>ἐπειδή</span> <span class='ocrx_word' id='word_1_41' title='bbox 739 839 864 938; x_wconf 88' lang='grc' dir='ltr'>πέφυκε</span> <span class='ocrx_word' id='word_1_42' title='bbox 885 839 928 914; x_wconf 85' lang='grc' dir='ltr'>τά</span> <span class='ocrx_word' id='word_1_43' title='bbox 953 873 963 914; x_wconf 84' lang='grc' dir='ltr'>ι</span> <span class='ocrx_word' id='word_1_44' title='bbox 988 843 1039 912; x_wconf 81' lang='grc' dir='ltr'>καί</span> <span class='ocrx_word' id='word_1_45' title='bbox 1063 841 1208 939; x_wconf 82' lang='grc' dir='ltr'>άνεκφιί·</span> 
     </span>
     <span class='ocr_line' id='line_1_6' title="bbox 99 953 1233 1054; baseline 0.004 -28"><span class='ocrx_word' id='word_1_46' title='bbox 99 987 208 1038; x_wconf 87' lang='grc' dir='ltr'>νητον</span> <span class='ocrx_word' id='word_1_47' title='bbox 232 953 321 1038; x_wconf 74' lang='grc' dir='ltr'>εἶναι,</span> <span class='ocrx_word' id='word_1_48' title='bbox 345 955 413 1028; x_wconf 76' lang='grc' dir='ltr'>οἶον</span> <span class='ocrx_word' id='word_1_49' title='bbox 434 963 483 1048; x_wconf 78' lang='grc' dir='ltr'>τῷ</span> <span class='ocrx_word' id='word_1_50' title='bbox 508 963 598 1047; x_wconf 75' lang='grc' dir='ltr'>καλῷ</span> <span class='ocrx_word' id='word_1_51' title='bbox 627 963 676 1047; x_wconf 77' lang='grc' dir='ltr'>τῷ</span> <span class='ocrx_word' id='word_1_52' title='bbox 699 961 810 1054; x_wconf 76' lang='grc' dir='ltr'>σοφῷ·</span> <span class='ocrx_word' id='word_1_53' title='bbox 848 955 891 1028; x_wconf 84' lang='grc' dir='ltr'>τά</span> <span class='ocrx_word' id='word_1_54' title='bbox 916 956 949 1030; x_wconf 76' lang='grc' dir='ltr'>δὲ</span> <span class='ocrx_word' id='word_1_55' title='bbox 975 988 995 1032; x_wconf 82' lang='grc' dir='ltr'>τ</span> <span class='ocrx_word' id='word_1_56' title='bbox 1022 956 1073 1030; x_wconf 81' lang='grc' dir='ltr'>θιάι</span> <span class='ocrx_word' id='word_1_57' title='bbox 1104 966 1233 1039; x_wconf 73' lang='grc' dir='ltr'>τοῦτοε</span> 
     </span>
     <span class='ocr_line' id='line_1_7' title="bbox 100 1069 1208 1170; baseline 0.005 -28"><span class='ocrx_word' id='word_1_58' title='bbox 100 1069 349 1158; x_wconf 81' lang='grc' dir='ltr'>εἰποβάλλετοι</span> <span class='ocrx_word' id='word_1_59' title='bbox 379 1073 412 1144; x_wconf 81' lang='grc' dir='ltr'>έν</span> <span class='ocrx_word' id='word_1_60' title='bbox 437 1079 487 1164; x_wconf 73' lang='grc' dir='ltr'>τῷ</span> <span class='ocrx_word' id='word_1_61' title='bbox 516 1071 676 1164; x_wconf 75' lang='grc' dir='ltr'>Ἀττικῷ,</span> <span class='ocrx_word' id='word_1_62' title='bbox 702 1071 810 1155; x_wconf 83' lang='grc' dir='ltr'>ε’πειθή</span> <span class='ocrx_word' id='word_1_63' title='bbox 838 1077 856 1154; x_wconf 92' lang='lat'>»5</span> <span class='ocrx_word' id='word_1_64' title='bbox 888 1103 930 1146; x_wconf 83' lang='grc' dir='ltr'>ατ</span> <span class='ocrx_word' id='word_1_65' title='bbox 955 1071 1147 1170; x_wconf 78' lang='grc' dir='ltr'>θίφθογγος</span> <span class='ocrx_word' id='word_1_66' title='bbox 1176 1077 1208 1148; x_wconf 86' lang='grc' dir='ltr'>εὐ</span> 
     </span>
     <span class='ocr_line' id='line_1_8' title="bbox 102 1185 1207 1285; baseline 0.005 -28"><span class='ocrx_word' id='word_1_67' title='bbox 102 1190 247 1284; x_wconf 75' lang='grc' dir='ltr'>ἁρμογή</span> <span class='ocrx_word' id='word_1_68' title='bbox 277 1188 359 1281; x_wconf 83' lang='grc' dir='ltr'>μόνη</span> <span class='ocrx_word' id='word_1_69' title='bbox 388 1185 443 1260; x_wconf 75' lang='grc' dir='ltr'>δύο</span> <span class='ocrx_word' id='word_1_70' title='bbox 475 1185 593 1281; x_wconf 78' lang='grc' dir='ltr'>λέξεων</span> <span class='ocrx_word' id='word_1_71' title='bbox 626 1187 819 1285; x_wconf 79' lang='grc' dir='ltr'>εὑρίσκεται,</span> <span class='ocrx_word' id='word_1_72' title='bbox 853 1185 932 1270; x_wconf 75' lang='grc' dir='ltr'>οἷον,</span> <span class='ocrx_word' id='word_1_73' title='bbox 967 1187 1065 1266; x_wconf 76' lang='grc' dir='ltr'>αὐτὸς</span> <span class='ocrx_word' id='word_1_74' title='bbox 1098 1189 1207 1273; x_wconf 75' lang='grc' dir='ltr'>ωὖτάς,</span> 
     </span>
     <span class='ocr_line' id='line_1_9' title="bbox 109 1302 331 1396; baseline -0.023 0"><span class='ocrx_word' id='word_1_75' title='bbox 109 1306 173 1396; x_wconf 85' lang='lat'>[1¹·</span> <span class='ocrx_word' id='word_1_76' title='bbox 190 1302 226 1372; x_wconf 61' lang='grc' dir='ltr'>τ’·</span> <span class='ocrx_word' id='word_1_77' title='bbox 243 1307 331 1395; x_wconf 79' lang='grc'>396·]</span> 
     </span>
     <span class='ocr_line' id='line_1_10' title="bbox 274 1427 695 1500; baseline -0.005 -16"><span class='ocrx_word' id='word_1_78' title='bbox 274 1427 336 1484; x_wconf 83' lang='grc' dir='ltr'>άτέ</span> <span class='ocrx_word' id='word_1_79' title='bbox 348 1427 432 1500; x_wconf 71' lang='grc' dir='ltr'>(κήτε’)</span> <span class='ocrx_word' id='word_1_80' title='bbox 446 1449 490 1498; x_wconf 86' lang='grc' dir='ltr'>μιν</span> <span class='ocrx_word' id='word_1_81' title='bbox 504 1427 695 1500; x_wconf 75' lang='grc' dir='ltr'>ωὖτὸεάνήρ..</span> 
     </span>
    </p>

    <p class='ocr_par' dir='ltr' id='par_1_3' title="bbox 102 1527 1256 1974">
     <span class='ocr_line' id='line_1_11' title="bbox 103 1527 1256 1628; baseline 0.005 -28"><span class='ocrx_word' id='word_1_82' title='bbox 103 1531 188 1612; x_wconf 85' lang='grc' dir='ltr'>ε’μέο</span> <span class='ocrx_word' id='word_1_83' title='bbox 217 1531 325 1614; x_wconf 73' lang='grc' dir='ltr'>αὐτοῦ,</span> <span class='ocrx_word' id='word_1_84' title='bbox 349 1533 516 1615; x_wconf 76' lang='grc' dir='ltr'>ἐμεωυτοῦ,</span> <span class='ocrx_word' id='word_1_85' title='bbox 534 1532 585 1602; x_wconf 78' lang='grc' dir='ltr'>καί</span> <span class='ocrx_word' id='word_1_86' title='bbox 609 1527 693 1602; x_wconf 78' lang='grc' dir='ltr'>κατὰ</span> <span class='ocrx_word' id='word_1_87' title='bbox 719 1534 835 1628; x_wconf 82' lang='grc' dir='ltr'>κρᾶσιν</span> <span class='ocrx_word' id='word_1_88' title='bbox 857 1537 918 1603; x_wconf 82' lang='grc' dir='ltr'>τοῦ</span> <span class='ocrx_word' id='word_1_89' title='bbox 945 1561 964 1602; x_wconf 82' lang='grc' dir='ltr'>ιι</span> <span class='ocrx_word' id='word_1_90' title='bbox 987 1533 1039 1604; x_wconf 82' lang='grc' dir='ltr'>καί</span> <span class='ocrx_word' id='word_1_91' title='bbox 1061 1562 1094 1618; x_wconf 91' lang='grc' dir='ltr'>ο,</span> <span class='ocrx_word' id='word_1_92' title='bbox 1111 1535 1256 1616; x_wconf 83' lang='grc' dir='ltr'>ε’μωυ-ιο</span> 
     </span>
     <span class='ocr_line' id='line_1_12' title="bbox 102 1643 1209 1744; baseline 0.005 -24"><span class='ocrx_word' id='word_1_93' title='bbox 102 1651 183 1720; x_wconf 78' lang='grc' dir='ltr'>τοῦ.</span> <span class='ocrx_word' id='word_1_94' title='bbox 210 1645 346 1728; x_wconf 83' lang='grc' dir='ltr'>Ἀμέλει</span> <span class='ocrx_word' id='word_1_95' title='bbox 364 1647 396 1718; x_wconf 81' lang='grc' dir='ltr'>ἐν</span> <span class='ocrx_word' id='word_1_96' title='bbox 408 1651 455 1736; x_wconf 77' lang='grc' dir='ltr'>τῷ</span> <span class='ocrx_word' id='word_1_97' title='bbox 475 1644 663 1730; x_wconf 85' lang='grc' dir='ltr'>θαυμαστὸς</span> <span class='ocrx_word' id='word_1_98' title='bbox 679 1645 730 1716; x_wconf 87' lang='grc' dir='ltr'>καί</span> <span class='ocrx_word' id='word_1_99' title='bbox 750 1643 938 1730; x_wconf 85' lang='grc' dir='ltr'>θαυμάσιος,</span> <span class='ocrx_word' id='word_1_100' title='bbox 951 1649 1135 1744; x_wconf 77' lang='grc' dir='ltr'>τραπέντος</span> <span class='ocrx_word' id='word_1_101' title='bbox 1147 1657 1209 1726; x_wconf 80' lang='grc' dir='ltr'>τοῦ</span> 
     </span>
     <span class='ocr_line' id='line_1_13' title="bbox 106 1759 1207 1848; baseline 0.001 -14"><span class='ocrx_word' id='word_1_102' title='bbox 106 1793 128 1834; x_wconf 78' lang='grc' dir='ltr'><strong>Α</strong></span> <span class='ocrx_word' id='word_1_103' title='bbox 163 1765 206 1838; x_wconf 84' lang='grc' dir='ltr'>είς</span> <span class='ocrx_word' id='word_1_104' title='bbox 238 1759 280 1833; x_wconf 85' lang='grc' dir='ltr'>τὸ</span> <span class='ocrx_word' id='word_1_105' title='bbox 303 1791 334 1844; x_wconf 89' lang='grc' dir='ltr'>ο,</span> <span class='ocrx_word' id='word_1_106' title='bbox 371 1761 546 1848; x_wconf 85' lang='grc' dir='ltr'>άπεβλήθη</span> <span class='ocrx_word' id='word_1_107' title='bbox 574 1760 618 1836; x_wconf 81' lang='grc' dir='ltr'>τά</span> <span class='ocrx_word' id='word_1_108' title='bbox 652 1791 682 1846; x_wconf 85' lang='grc' dir='ltr'>τ,</span> <span class='ocrx_word' id='word_1_109' title='bbox 710 1761 788 1846; x_wconf 75' lang='grc' dir='ltr'>οῖον,</span> <span class='ocrx_word' id='word_1_110' title='bbox 816 1759 1002 1846; x_wconf 85' lang='grc' dir='ltr'>θωμαστάς,</span> <span class='ocrx_word' id='word_1_111' title='bbox 1033 1760 1207 1848; x_wconf 85' lang='grc' dir='ltr'>θωμάσιος,</span> 
     </span>
     <span class='ocr_line' id='line_1_14' title="bbox 103 1875 766 1974; baseline -0.006 -24"><span class='ocrx_word' id='word_1_112' title='bbox 103 1875 220 1959; x_wconf 76' lang='grc' dir='ltr'>έπειθή</span> <span class='ocrx_word' id='word_1_113' title='bbox 237 1879 292 1950; x_wconf 74' lang='grc' dir='ltr'>οὐκ</span> <span class='ocrx_word' id='word_1_114' title='bbox 307 1877 400 1950; x_wconf 82' lang='grc' dir='ltr'>ἔστιν</span> <span class='ocrx_word' id='word_1_115' title='bbox 416 1878 549 1974; x_wconf 81' lang='grc' dir='ltr'>ἁρμογή</span> <span class='ocrx_word' id='word_1_116' title='bbox 567 1877 622 1950; x_wconf 82' lang='grc' dir='ltr'>θήο</span> <span class='ocrx_word' id='word_1_117' title='bbox 638 1875 766 1972; x_wconf 77' lang='grc' dir='ltr'>λέξεων.</span> 
     </span>
    </p>

    <p class='ocr_par' dir='ltr' id='par_1_4' title="bbox 162 1991 442 2082">
     <span class='ocr_line' id='line_1_15' title="bbox 162 1991 442 2082; baseline 0.007 -22"><span class='ocrx_word' id='word_1_118' title='bbox 162 1991 235 2060; x_wconf 85' lang='grc' dir='ltr'>“Ὦ</span> <span class='ocrx_word' id='word_1_119' title='bbox 258 1991 442 2082; x_wconf 80' lang='grc' dir='ltr'>Μενέλεῳ.”</span> 
     </span>
    </p>

    <p class='ocr_par' dir='ltr' id='par_1_5' title="bbox 105 2106 1254 2433">
     <span class='ocr_line' id='line_1_16' title="bbox 162 2106 1254 2207; baseline 0.003 -30"><span class='ocrx_word' id='word_1_120' title='bbox 162 2106 306 2204; x_wconf 80' lang='grc' dir='ltr'>Εἴρηται</span> <span class='ocrx_word' id='word_1_121' title='bbox 329 2107 383 2180; x_wconf 85' lang='grc' dir='ltr'>ὅτι</span> <span class='ocrx_word' id='word_1_122' title='bbox 405 2113 470 2179; x_wconf 80' lang='grc' dir='ltr'>τῶν</span> <span class='ocrx_word' id='word_1_123' title='bbox 488 2106 595 2179; x_wconf 82' lang='grc' dir='ltr'>θυϊκῶν</span> <span class='ocrx_word' id='word_1_124' title='bbox 617 2111 671 2180; x_wconf 80' lang='grc' dir='ltr'>καί</span> <span class='ocrx_word' id='word_1_125' title='bbox 693 2115 915 2194; x_wconf 78' lang='grc' dir='ltr'>πληθυντικῶν</span> <span class='ocrx_word' id='word_1_126' title='bbox 932 2113 972 2188; x_wconf 85' lang='grc' dir='ltr'>ὡς</span> <span class='ocrx_word' id='word_1_127' title='bbox 989 2115 1007 2193; x_wconf 87' lang='grc' dir='ltr'>ή</span> <span class='ocrx_word' id='word_1_128' title='bbox 1024 2111 1106 2207; x_wconf 83' lang='grc' dir='ltr'>ὀρθή</span> <span class='ocrx_word' id='word_1_129' title='bbox 1123 2109 1208 2182; x_wconf 82' lang='grc' dir='ltr'>οίίτω</span> <span class='ocrx_word' id='word_1_130' title='bbox 1221 2141 1232 2180; x_wconf 85' lang='grc' dir='ltr'>ι</span> <span class='ocrx_word' id='word_1_131' title='bbox 1238 2138 1254 2198; x_wconf 82' lang='lat'>5</span> 
     </span>
     <span class='ocr_line' id='line_1_17' title="bbox 105 2223 1209 2324; baseline 0.005 -28"><span class='ocrx_word' id='word_1_132' title='bbox 105 2225 163 2296; x_wconf 78' lang='grc' dir='ltr'>καὶ</span> <span class='ocrx_word' id='word_1_133' title='bbox 182 2227 199 2306; x_wconf 90' lang='lat'>»5</span> <span class='ocrx_word' id='word_1_134' title='bbox 216 2227 361 2306; x_wconf 87' lang='grc' dir='ltr'>κλητική.</span> <span class='ocrx_word' id='word_1_135' title='bbox 403 2223 508 2321; x_wconf 86' lang='grc' dir='ltr'>Ἔχει</span> <span class='ocrx_word' id='word_1_136' title='bbox 526 2223 561 2296; x_wconf 76' lang='grc' dir='ltr'>δέ</span> <span class='ocrx_word' id='word_1_137' title='bbox 580 2224 632 2296; x_wconf 79' lang='grc' dir='ltr'>καὶ</span> <span class='ocrx_word' id='word_1_138' title='bbox 656 2223 700 2298; x_wconf 82' lang='grc' dir='ltr'>τὸ</span> <span class='ocrx_word' id='word_1_139' title='bbox 722 2255 732 2296; x_wconf 85' lang='grc' dir='ltr'>ι</span> <span class='ocrx_word' id='word_1_140' title='bbox 752 2226 1075 2324; x_wconf 86' lang='grc' dir='ltr'>προσγεγραμμένον</span> <span class='ocrx_word' id='word_1_141' title='bbox 1092 2226 1209 2308; x_wconf 75' lang='grc' dir='ltr'>ὁμοίως</span> 
     </span>
     <span class='ocr_line' id='line_1_18' title="bbox 106 2340 602 2433; baseline -0.006 -21"><span class='ocrx_word' id='word_1_142' title='bbox 106 2347 157 2433; x_wconf 70' lang='grc' dir='ltr'>τῇ</span> <span class='ocrx_word' id='word_1_143' title='bbox 171 2340 273 2430; x_wconf 77' lang='grc' dir='ltr'>αι’θείᾳ</span> <span class='ocrx_word' id='word_1_144' title='bbox 290 2345 355 2412; x_wconf 79' lang='grc' dir='ltr'>τῶν</span> <span class='ocrx_word' id='word_1_145' title='bbox 372 2344 602 2423; x_wconf 80' lang='grc' dir='ltr'>πληθυντικῶν.</span> 
     </span>
    </p>
   </div>
   <div class='ocr_carea' id='block_1_3' title="bbox 108 2549 1257 3936">
    <p class='ocr_par' dir='ltr' id='par_1_6' title="bbox 465 2549 853 2628">
     <span class='ocr_line' id='line_1_19' title="bbox 465 2549 853 2628; baseline 0 -2"><span class='ocrx_word' id='word_1_146' title='bbox 465 2549 587 2626; x_wconf 57' lang='lat' dir='ltr'>Kana»</span> <span class='ocrx_word' id='word_1_147' title='bbox 611 2550 757 2626; x_wconf 75' lang='lat' dir='ltr'>1n&#39;.-‘o</span> <span class='ocrx_word' id='word_1_148' title='bbox 779 2551 853 2628; x_wconf 75' lang='grc' dir='ltr'>ίκε.</span> 
     </span>
    </p>

    <p class='ocr_par' dir='ltr' id='par_1_7' title="bbox 108 2681 1257 3706">
     <span class='ocr_line' id='line_1_20' title="bbox 163 2681 1208 2784; baseline 0.002 -28"><span class='ocrx_word' id='word_1_149' title='bbox 163 2685 390 2783; x_wconf 82' lang='grc' dir='ltr'>Πληρῶσαςό</span> <span class='ocrx_word' id='word_1_150' title='bbox 415 2681 562 2782; x_wconf 80' lang='grc' dir='ltr'>τεχνικὸς</span> <span class='ocrx_word' id='word_1_151' title='bbox 587 2682 632 2758; x_wconf 84' lang='grc' dir='ltr'>τά</span> <span class='ocrx_word' id='word_1_152' title='bbox 657 2687 700 2762; x_wconf 85' lang='grc' dir='ltr'>είε</span> <span class='ocrx_word' id='word_1_153' title='bbox 724 2714 742 2756; x_wconf 79' lang='grc' dir='ltr'>ι</span> <span class='ocrx_word' id='word_1_154' title='bbox 766 2686 866 2770; x_wconf 87' lang='grc' dir='ltr'>μόνον</span> <span class='ocrx_word' id='word_1_155' title='bbox 888 2693 1050 2780; x_wconf 78' lang='grc' dir='ltr'>λήγοντα,</span> <span class='ocrx_word' id='word_1_156' title='bbox 1073 2689 1208 2784; x_wconf 78' lang='grc' dir='ltr'>ἔρχεται</span> 
     </span>
     <span class='ocr_line' id='line_1_21' title="bbox 108 2797 1257 2898; baseline 0.002 -26"><span class='ocrx_word' id='word_1_157' title='bbox 108 2802 163 2872; x_wconf 84' lang='grc' dir='ltr'>καί</span> <span class='ocrx_word' id='word_1_158' title='bbox 190 2797 403 2889; x_wconf 75' lang='grc' dir='ltr'>διαλαμβάνει</span> <span class='ocrx_word' id='word_1_159' title='bbox 432 2800 507 2898; x_wconf 84' lang='grc' dir='ltr'>περί</span> <span class='ocrx_word' id='word_1_160' title='bbox 534 2805 599 2872; x_wconf 81' lang='grc' dir='ltr'>τῶν</span> <span class='ocrx_word' id='word_1_161' title='bbox 624 2802 667 2881; x_wconf 85' lang='grc' dir='ltr'>είς</span> <span class='ocrx_word' id='word_1_162' title='bbox 694 2829 712 2870; x_wconf 80' lang='lat'><em>2</em></span> <span class='ocrx_word' id='word_1_163' title='bbox 737 2801 907 2892; x_wconf 73' lang='grc' dir='ltr'>ληγόντων</span> <span class='ocrx_word' id='word_1_164' title='bbox 933 2804 1003 2886; x_wconf 88' lang='grc' dir='ltr'>μετ’</span> <span class='ocrx_word' id='word_1_165' title='bbox 1030 2802 1209 2886; x_wconf 73' lang='grc' dir='ltr'>ἐπιπλοκῆς</span> <span class='ocrx_word' id='word_1_166' title='bbox 1220 2833 1257 2876; x_wconf 81' lang='lat'>20</span> 
     </span>
     <span class='ocr_line' id='line_1_22' title="bbox 109 2913 1208 3014; baseline -0.003 -22"><span class='ocrx_word' id='word_1_167' title='bbox 109 2919 297 3014; x_wconf 75' lang='grc' dir='ltr'>συμφώνου.</span> <span class='ocrx_word' id='word_1_168' title='bbox 348 2916 418 2987; x_wconf 83' lang='grc' dir='ltr'>Καί</span> <span class='ocrx_word' id='word_1_169' title='bbox 437 2916 557 2998; x_wconf 86' lang='grc' dir='ltr'>ι’στέον,</span> <span class='ocrx_word' id='word_1_170' title='bbox 576 2915 629 2987; x_wconf 83' lang='grc' dir='ltr'>ὅτι</span> <span class='ocrx_word' id='word_1_171' title='bbox 647 2913 691 2988; x_wconf 84' lang='grc' dir='ltr'>τά</span> <span class='ocrx_word' id='word_1_172' title='bbox 709 2919 752 2994; x_wconf 87' lang='grc' dir='ltr'>είς</span> <span class='ocrx_word' id='word_1_173' title='bbox 769 2915 824 2988; x_wconf 83' lang='grc' dir='ltr'>θίο</span> <span class='ocrx_word' id='word_1_174' title='bbox 845 2917 1004 3014; x_wconf 80' lang='grc' dir='ltr'>σύμφωνα</span> <span class='ocrx_word' id='word_1_175' title='bbox 1021 2921 1173 3009; x_wconf 87' lang='grc' dir='ltr'>λήγοντα</span> <span class='ocrx_word' id='word_1_176' title='bbox 1190 2917 1208 3000; x_wconf 87' lang='grc' dir='ltr'>ή</span> 
     </span>
     <span class='ocr_line' id='line_1_23' title="bbox 110 3029 1208 3125; baseline 0.002 -21"><span class='ocrx_word' id='word_1_177' title='bbox 110 3035 155 3110; x_wconf 86' lang='grc' dir='ltr'>είς</span> <span class='ocrx_word' id='word_1_178' title='bbox 170 3030 213 3106; x_wconf 79' lang='grc' dir='ltr'>τά</span> <span class='ocrx_word' id='word_1_179' title='bbox 232 3063 249 3106; x_wconf 77' lang='lat' dir='ltr'><strong>z</strong></span> <span class='ocrx_word' id='word_1_180' title='bbox 265 3037 426 3125; x_wconf 90' lang='grc' dir='ltr'>λήγουσιν</span> <span class='ocrx_word' id='word_1_181' title='bbox 443 3032 461 3115; x_wconf 85' lang='grc' dir='ltr'>ή</span> <span class='ocrx_word' id='word_1_182' title='bbox 479 3035 522 3110; x_wconf 82' lang='grc' dir='ltr'>είς</span> <span class='ocrx_word' id='word_1_183' title='bbox 537 3031 581 3104; x_wconf 82' lang='grc' dir='ltr'>τὸ</span> <span class='ocrx_word' id='word_1_184' title='bbox 600 3058 632 3105; x_wconf 76' lang='grc' dir='ltr'>ε.</span> <span class='ocrx_word' id='word_1_185' title='bbox 669 3031 739 3104; x_wconf 84' lang='grc' dir='ltr'>Καί</span> <span class='ocrx_word' id='word_1_186' title='bbox 756 3029 801 3103; x_wconf 82' lang='grc' dir='ltr'>τὰ</span> <span class='ocrx_word' id='word_1_187' title='bbox 818 3030 875 3116; x_wconf 81' lang='grc' dir='ltr'>μὲν</span> <span class='ocrx_word' id='word_1_188' title='bbox 892 3035 935 3110; x_wconf 88' lang='grc' dir='ltr'>είς</span> <span class='ocrx_word' id='word_1_189' title='bbox 951 3031 994 3104; x_wconf 82' lang='grc' dir='ltr'>τά</span> <span class='ocrx_word' id='word_1_190' title='bbox 1013 3062 1030 3104; x_wconf 76' lang='lat'>2</span> <span class='ocrx_word' id='word_1_191' title='bbox 1047 3036 1208 3125; x_wconf 89' lang='grc' dir='ltr'>λήγοντα,</span> 
     </span>
     <span class='ocr_line' id='line_1_24' title="bbox 110 3145 1209 3247; baseline 0.001 -27"><span class='ocrx_word' id='word_1_192' title='bbox 110 3147 179 3245; x_wconf 81' lang='grc' dir='ltr'>πρὸ</span> <span class='ocrx_word' id='word_1_193' title='bbox 195 3154 257 3221; x_wconf 81' lang='grc' dir='ltr'>τοῦ</span> <span class='ocrx_word' id='word_1_194' title='bbox 275 3179 291 3220; x_wconf 76' lang='grc' dir='ltr'>ν</span> <span class='ocrx_word' id='word_1_195' title='bbox 308 3149 439 3246; x_wconf 79' lang='grc' dir='ltr'>ἔχουσιν</span> <span class='ocrx_word' id='word_1_196' title='bbox 456 3147 474 3231; x_wconf 86' lang='grc' dir='ltr'>ή</span> <span class='ocrx_word' id='word_1_197' title='bbox 492 3146 534 3219; x_wconf 83' lang='grc' dir='ltr'>τά</span> <span class='ocrx_word' id='word_1_198' title='bbox 552 3177 573 3218; x_wconf 86' lang='grc' dir='ltr'>κ</span> <span class='ocrx_word' id='word_1_199' title='bbox 590 3145 686 3226; x_wconf 82' lang='grc' dir='ltr'>ὡςτά</span> <span class='ocrx_word' id='word_1_200' title='bbox 703 3149 774 3230; x_wconf 83' lang='grc' dir='ltr'>θλς,</span> <span class='ocrx_word' id='word_1_201' title='bbox 792 3147 810 3232; x_wconf 80' lang='grc' dir='ltr'>ή</span> <span class='ocrx_word' id='word_1_202' title='bbox 827 3145 871 3220; x_wconf 77' lang='grc' dir='ltr'>τὸ</span> <span class='ocrx_word' id='word_1_203' title='bbox 889 3177 910 3220; x_wconf 80' lang='grc' dir='ltr'>ιι</span> <span class='ocrx_word' id='word_1_204' title='bbox 928 3150 968 3226; x_wconf 84' lang='grc' dir='ltr'>ὡς</span> <span class='ocrx_word' id='word_1_205' title='bbox 984 3145 1027 3220; x_wconf 84' lang='grc' dir='ltr'>τά</span> <span class='ocrx_word' id='word_1_206' title='bbox 1045 3148 1209 3247; x_wconf 84' lang='grc' dir='ltr'>Τίρυνς,ή</span> 
     </span>
     <span class='ocr_line' id='line_1_25' title="bbox 109 3259 1210 3360; baseline -0.002 -24"><span class='ocrx_word' id='word_1_207' title='bbox 109 3261 153 3336; x_wconf 82' lang='grc' dir='ltr'>τά</span> <span class='ocrx_word' id='word_1_208' title='bbox 172 3293 190 3334; x_wconf 79' lang='grc' dir='ltr'>ε</span> <span class='ocrx_word' id='word_1_209' title='bbox 209 3265 250 3340; x_wconf 77' lang='grc' dir='ltr'>ὡς</span> <span class='ocrx_word' id='word_1_210' title='bbox 274 3259 316 3336; x_wconf 81' lang='grc' dir='ltr'>τά</span> <span class='ocrx_word' id='word_1_211' title='bbox 341 3259 475 3359; x_wconf 77' lang='grc' dir='ltr'>μάκαρι·</span> <span class='ocrx_word' id='word_1_212' title='bbox 509 3260 553 3334; x_wconf 83' lang='grc' dir='ltr'>τά</span> <span class='ocrx_word' id='word_1_213' title='bbox 572 3260 606 3334; x_wconf 79' lang='grc' dir='ltr'>θὲ</span> <span class='ocrx_word' id='word_1_214' title='bbox 622 3263 665 3340; x_wconf 87' lang='grc' dir='ltr'>είς</span> <span class='ocrx_word' id='word_1_215' title='bbox 688 3289 708 3336; x_wconf 83' lang='grc' dir='ltr'>ει</span> <span class='ocrx_word' id='word_1_216' title='bbox 731 3265 893 3356; x_wconf 90' lang='grc' dir='ltr'>λήγοντα,</span> <span class='ocrx_word' id='word_1_217' title='bbox 920 3263 996 3360; x_wconf 83' lang='grc' dir='ltr'>περί</span> <span class='ocrx_word' id='word_1_218' title='bbox 1020 3263 1063 3334; x_wconf 75' lang='grc' dir='ltr'>ιθν</span> <span class='ocrx_word' id='word_1_219' title='bbox 1084 3265 1117 3336; x_wconf 82' lang='grc' dir='ltr'>έν</span> <span class='ocrx_word' id='word_1_220' title='bbox 1138 3273 1210 3341; x_wconf 87' lang='grc' dir='ltr'>τοῖς</span> 
     </span>
     <span class='ocr_line' id='line_1_26' title="bbox 111 3373 1255 3474; baseline -0.003 -22"><span class='ocrx_word' id='word_1_221' title='bbox 111 3383 258 3461; x_wconf 82' lang='grc' dir='ltr'>θηλυκοῖς</span> <span class='ocrx_word' id='word_1_222' title='bbox 281 3379 384 3470; x_wconf 80' lang='grc' dir='ltr'>λέγει,</span> <span class='ocrx_word' id='word_1_223' title='bbox 402 3377 470 3474; x_wconf 82' lang='grc' dir='ltr'>πρὸ</span> <span class='ocrx_word' id='word_1_224' title='bbox 489 3383 552 3454; x_wconf 83' lang='grc' dir='ltr'>τοῦ</span> <span class='ocrx_word' id='word_1_225' title='bbox 569 3406 589 3450; x_wconf 76' lang='grc' dir='ltr'>ε</span> <span class='ocrx_word' id='word_1_226' title='bbox 607 3377 739 3473; x_wconf 79' lang='grc' dir='ltr'>ἔχουσιν</span> <span class='ocrx_word' id='word_1_227' title='bbox 755 3376 774 3461; x_wconf 84' lang='grc' dir='ltr'>ή</span> <span class='ocrx_word' id='word_1_228' title='bbox 791 3376 834 3448; x_wconf 81' lang='grc' dir='ltr'>τὸ</span> <span class='ocrx_word' id='word_1_229' title='bbox 853 3407 885 3463; x_wconf 82' lang='grc' dir='ltr'>κ,</span> <span class='ocrx_word' id='word_1_230' title='bbox 902 3379 942 3459; x_wconf 82' lang='grc' dir='ltr'>ὡς</span> <span class='ocrx_word' id='word_1_231' title='bbox 958 3375 1002 3450; x_wconf 83' lang='grc' dir='ltr'>τά</span> <span class='ocrx_word' id='word_1_232' title='bbox 1018 3373 1087 3470; x_wconf 77' lang='grc' dir='ltr'>άλξ</span> <span class='ocrx_word' id='word_1_233' title='bbox 1101 3375 1207 3459; x_wconf 80' lang='grc' dir='ltr'>α’λκάς,</span> <span class='ocrx_word' id='word_1_234' title='bbox 1219 3405 1255 3468; x_wconf 82' lang='lat'>25</span> 
     </span>
     <span class='ocr_line' id='line_1_27' title="bbox 114 3489 1208 3589; baseline -0.002 -23"><span class='ocrx_word' id='word_1_235' title='bbox 114 3494 276 3587; x_wconf 75' lang='grc' dir='ltr'>(σημαίνει</span> <span class='ocrx_word' id='word_1_236' title='bbox 294 3492 328 3564; x_wconf 79' lang='grc' dir='ltr'>δὲ</span> <span class='ocrx_word' id='word_1_237' title='bbox 343 3493 403 3577; x_wconf 88' lang='grc' dir='ltr'>τήν</span> <span class='ocrx_word' id='word_1_238' title='bbox 415 3495 563 3582; x_wconf 63' lang='grc' dir='ltr'>αὔλακα)</span> <span class='ocrx_word' id='word_1_239' title='bbox 579 3492 597 3576; x_wconf 85' lang='grc' dir='ltr'>ή</span> <span class='ocrx_word' id='word_1_240' title='bbox 614 3489 657 3564; x_wconf 82' lang='grc' dir='ltr'>τά</span> <span class='ocrx_word' id='word_1_241' title='bbox 672 3521 701 3575; x_wconf 79' lang='grc' dir='ltr'>ε,</span> <span class='ocrx_word' id='word_1_242' title='bbox 717 3494 758 3570; x_wconf 81' lang='grc' dir='ltr'>ὡς</span> <span class='ocrx_word' id='word_1_243' title='bbox 773 3491 816 3564; x_wconf 82' lang='grc' dir='ltr'>τά</span> <span class='ocrx_word' id='word_1_244' title='bbox 833 3490 925 3589; x_wconf 74' lang='grc' dir='ltr'>σάρξ</span> <span class='ocrx_word' id='word_1_245' title='bbox 939 3489 1100 3588; x_wconf 81' lang='grc' dir='ltr'>σαρκάς,ή</span> <span class='ocrx_word' id='word_1_246' title='bbox 1117 3489 1161 3566; x_wconf 82' lang='grc' dir='ltr'>τά</span> <span class='ocrx_word' id='word_1_247' title='bbox 1178 3521 1208 3576; x_wconf 77' lang='grc' dir='ltr'>τ,</span> 
     </span>
     <span class='ocr_line' id='line_1_28' title="bbox 110 3606 965 3706; baseline -0.001 -28"><span class='ocrx_word' id='word_1_248' title='bbox 110 3611 151 3684; x_wconf 77' lang='grc' dir='ltr'>ὡς</span> <span class='ocrx_word' id='word_1_249' title='bbox 166 3607 208 3680; x_wconf 84' lang='grc' dir='ltr'>τὸ</span> <span class='ocrx_word' id='word_1_250' title='bbox 225 3607 341 3706; x_wconf 76' lang='grc' dir='ltr'>σφίγξ</span> <span class='ocrx_word' id='word_1_251' title='bbox 355 3609 522 3706; x_wconf 85' lang='grc' dir='ltr'>σφιγγός.</span> <span class='ocrx_word' id='word_1_252' title='bbox 564 3607 684 3680; x_wconf 80' lang='grc' dir='ltr'>Ταῦτα</span> <span class='ocrx_word' id='word_1_253' title='bbox 700 3606 758 3691; x_wconf 84' lang='grc' dir='ltr'>μὲν</span> <span class='ocrx_word' id='word_1_254' title='bbox 775 3609 807 3680; x_wconf 82' lang='grc' dir='ltr'>ἐν</span> <span class='ocrx_word' id='word_1_255' title='bbox 823 3608 965 3686; x_wconf 65' lang='grc' dir='ltr'>τούτοις.</span> 
     </span>
    </p>

    <p class='ocr_par' dir='ltr' id='par_1_8' title="bbox 112 3720 1208 3936">
     <span class='ocr_line' id='line_1_29' title="bbox 160 3720 1208 3824; baseline -0.003 -28"><span class='ocrx_word' id='word_1_256' title='bbox 160 3722 332 3824; x_wconf 81' lang='grc' dir='ltr'>Κονονίζει</span> <span class='ocrx_word' id='word_1_257' title='bbox 358 3723 393 3798; x_wconf 74' lang='grc' dir='ltr'>δέ</span> <span class='ocrx_word' id='word_1_258' title='bbox 417 3727 436 3795; x_wconf 88' lang='grc' dir='ltr'>ὁ</span> <span class='ocrx_word' id='word_1_259' title='bbox 461 3721 610 3821; x_wconf 78' lang='grc' dir='ltr'>τεχνικὸς</span> <span class='ocrx_word' id='word_1_260' title='bbox 634 3721 676 3796; x_wconf 85' lang='grc' dir='ltr'>τά</span> <span class='ocrx_word' id='word_1_261' title='bbox 702 3723 775 3808; x_wconf 78' lang='grc' dir='ltr'>ἃλς,</span> <span class='ocrx_word' id='word_1_262' title='bbox 795 3725 914 3816; x_wconf 90' lang='grc' dir='ltr'>λέγων,</span> <span class='ocrx_word' id='word_1_263' title='bbox 935 3722 988 3794; x_wconf 81' lang='grc' dir='ltr'>ὅτι</span> <span class='ocrx_word' id='word_1_264' title='bbox 1014 3720 1060 3794; x_wconf 82' lang='grc' dir='ltr'>τά</span> <span class='ocrx_word' id='word_1_265' title='bbox 1085 3725 1128 3800; x_wconf 74' lang='grc' dir='ltr'>ἐίς</span> <span class='ocrx_word' id='word_1_266' title='bbox 1153 3720 1208 3792; x_wconf 77' lang='grc' dir='ltr'>δύο</span> 
     </span>
     <span class='ocr_line' id='line_1_30' title="bbox 112 3836 1207 3936; baseline 0 -26"><span class='ocrx_word' id='word_1_267' title='bbox 112 3840 269 3936; x_wconf 76' lang='grc' dir='ltr'>σύμφωνα</span> <span class='ocrx_word' id='word_1_268' title='bbox 297 3844 449 3932; x_wconf 88' lang='grc' dir='ltr'>λήγοντα</span> <span class='ocrx_word' id='word_1_269' title='bbox 476 3838 527 3912; x_wconf 77' lang='grc' dir='ltr'>διὰ</span> <span class='ocrx_word' id='word_1_270' title='bbox 556 3839 611 3912; x_wconf 81' lang='grc' dir='ltr'>θίο</span> <span class='ocrx_word' id='word_1_271' title='bbox 640 3841 821 3936; x_wconf 80' lang='grc' dir='ltr'>συμφώνων</span> <span class='ocrx_word' id='word_1_272' title='bbox 850 3839 1026 3922; x_wconf 78' lang='grc' dir='ltr'>κλίνονται,</span> <span class='ocrx_word' id='word_1_273' title='bbox 1053 3836 1207 3922; x_wconf 80' lang='grc' dir='ltr'>δηλονότι</span> 
     </span>
    </p>
   </div>
   <div class='ocr_carea' id='block_1_4' title="bbox 10 3951 1256 4402">
    <p class='ocr_par' dir='ltr' id='par_1_9' title="bbox 112 3951 1256 4053">
     <span class='ocr_line' id='line_1_31' title="bbox 112 3951 1256 4053; baseline -0.003 -27"><span class='ocrx_word' id='word_1_274' title='bbox 112 3956 162 4028; x_wconf 86' lang='grc' dir='ltr'>καί</span> <span class='ocrx_word' id='word_1_275' title='bbox 180 3958 223 4032; x_wconf 83' lang='grc' dir='ltr'>είς</span> <span class='ocrx_word' id='word_1_276' title='bbox 239 3987 280 4030; x_wconf 76' lang='grc' dir='ltr'>οι</span> <span class='ocrx_word' id='word_1_277' title='bbox 296 3957 410 4053; x_wconf 80' lang='grc' dir='ltr'>έχουσι</span> <span class='ocrx_word' id='word_1_278' title='bbox 427 3957 487 4039; x_wconf 83' lang='grc' dir='ltr'>τήν</span> <span class='ocrx_word' id='word_1_279' title='bbox 503 3955 639 4048; x_wconf 83' lang='grc' dir='ltr'>γενικήν,</span> <span class='ocrx_word' id='word_1_280' title='bbox 657 3953 726 4026; x_wconf 73' lang='grc' dir='ltr'>οἷον</span> <span class='ocrx_word' id='word_1_281' title='bbox 744 3953 861 4051; x_wconf 89' lang='grc' dir='ltr'>Τίρυνς</span> <span class='ocrx_word' id='word_1_282' title='bbox 878 3953 1048 4051; x_wconf 88' lang='grc' dir='ltr'>Τίρυνθος,</span> <span class='ocrx_word' id='word_1_283' title='bbox 1066 3952 1155 4042; x_wconf 79' lang='grc' dir='ltr'>(ἔστι</span> <span class='ocrx_word' id='word_1_284' title='bbox 1174 3951 1256 4042; x_wconf 70' lang='grc' dir='ltr'>θὲηο</span> 
     </span>
    </p>

    <p class='ocr_par' dir='ltr' id='par_1_10' title="bbox 113 4054 1207 4168">
     <span class='ocr_line' id='line_1_32' title="bbox 113 4054 1207 4168; baseline -0.005 -26"><span class='ocrx_word' id='word_1_285' title='bbox 113 4054 212 4152; x_wconf 81' lang='grc' dir='ltr'>ὄνομα</span> <span class='ocrx_word' id='word_1_286' title='bbox 234 4071 360 4150; x_wconf 68' lang='grc' dir='ltr'>πόλεως</span> <span class='ocrx_word' id='word_1_287' title='bbox 379 4078 440 4144; x_wconf 82' lang='grc' dir='ltr'>τοῦ</span> <span class='ocrx_word' id='word_1_288' title='bbox 455 4071 619 4168; x_wconf 81' lang='grc' dir='ltr'>Ἄργους,</span> <span class='ocrx_word' id='word_1_289' title='bbox 636 4069 676 4165; x_wconf 76' lang='grc' dir='ltr'>ἐξ</span> <span class='ocrx_word' id='word_1_290' title='bbox 698 4069 732 4154; x_wconf 84' lang='grc' dir='ltr'>ής</span> <span class='ocrx_word' id='word_1_291' title='bbox 756 4071 793 4152; x_wconf 84' lang='grc' dir='ltr'>ήν</span> <span class='ocrx_word' id='word_1_292' title='bbox 809 4071 828 4140; x_wconf 90' lang='grc' dir='ltr'>ὁ</span> <span class='ocrx_word' id='word_1_293' title='bbox 846 4069 1057 4167; x_wconf 80' lang='grc' dir='ltr'>Εὖρυσθεὺς,)</span> <span class='ocrx_word' id='word_1_294' title='bbox 1081 4065 1207 4161; x_wconf 88' lang='grc' dir='ltr'>μάκαρς</span> 
     </span>
    </p>

    <p class='ocr_par' dir='ltr' id='par_1_11' title="bbox 10 4181 1207 4402">
     <span class='ocr_line' id='line_1_33' title="bbox 112 4181 1207 4283; baseline -0.016 -15"><span class='ocrx_word' id='word_1_295' title='bbox 112 4181 287 4282; x_wconf 54' lang='lat' dir='ltr'>fixam»,</span> <span class='ocrx_word' id='word_1_296' title='bbox 303 4185 413 4270; x_wconf 75' lang='grc' dir='ltr'>ἔλμινς</span> <span class='ocrx_word' id='word_1_297' title='bbox 428 4186 589 4271; x_wconf 74' lang='grc' dir='ltr'>ἕλμινθας,</span> <span class='ocrx_word' id='word_1_298' title='bbox 608 4183 732 4283; x_wconf 82' lang='grc' dir='ltr'>θάμαρς</span> <span class='ocrx_word' id='word_1_299' title='bbox 748 4183 926 4283; x_wconf 76' lang='grc' dir='ltr'>δάμαρτος.</span> <span class='ocrx_word' id='word_1_300' title='bbox 969 4185 1018 4256; x_wconf 83' lang='grc' dir='ltr'>Εἰ</span> <span class='ocrx_word' id='word_1_301' title='bbox 1039 4181 1092 4254; x_wconf 76' lang='grc' dir='ltr'>οὖν</span> <span class='ocrx_word' id='word_1_302' title='bbox 1114 4181 1207 4253; x_wconf 81' lang='grc' dir='ltr'>ἐστιν</span> 
     </span>
     <span class='ocr_line' id='line_1_34' title="bbox 10 4297 1205 4402; baseline -0.003 -30"><span class='ocrx_word' id='word_1_303' title='bbox 10 4339 65 4402; x_wconf 89' lang='lat'>140</span> <span class='ocrx_word' id='word_1_304' title='bbox 79 4317 102 4380; x_wconf 94' lang='lat' dir='ltr'>b</span> <span class='ocrx_word' id='word_1_305' title='bbox 114 4301 181 4383; x_wconf 79' lang='grc' dir='ltr'>ἃλς,</span> <span class='ocrx_word' id='word_1_306' title='bbox 198 4301 339 4399; x_wconf 77' lang='grc' dir='ltr'>ὤφειλεν</span> <span class='ocrx_word' id='word_1_307' title='bbox 355 4301 432 4374; x_wconf 76' lang='grc' dir='ltr'>εἶναι</span> <span class='ocrx_word' id='word_1_308' title='bbox 450 4307 468 4384; x_wconf 91' lang='grc' dir='ltr'>ή</span> <span class='ocrx_word' id='word_1_309' title='bbox 489 4303 596 4395; x_wconf 84' lang='grc' dir='ltr'>γενική</span> <span class='ocrx_word' id='word_1_310' title='bbox 617 4297 732 4384; x_wconf 81' lang='grc' dir='ltr'>άλτάς,</span> <span class='ocrx_word' id='word_1_311' title='bbox 755 4304 805 4373; x_wconf 75' lang='grc' dir='ltr'>’ίνα</span> <span class='ocrx_word' id='word_1_312' title='bbox 831 4305 941 4398; x_wconf 75' lang='grc' dir='ltr'>εὑρεθῇ</span> <span class='ocrx_word' id='word_1_313' title='bbox 966 4297 1017 4370; x_wconf 81' lang='grc' dir='ltr'>θιά</span> <span class='ocrx_word' id='word_1_314' title='bbox 1043 4299 1098 4370; x_wconf 80' lang='grc' dir='ltr'>θιίο</span> <span class='ocrx_word' id='word_1_315' title='bbox 1124 4329 1205 4380; x_wconf 88' lang='grc' dir='ltr'>συμ-</span> 
     </span>
    </p>
   </div>
   <div class='ocr_carea' id='block_1_5' title="bbox 114 4415 1206 4594">
    <p class='ocr_par' dir='ltr' id='par_1_12' title="bbox 114 4415 1206 4594">
     <span class='ocr_line' id='line_1_35' title="bbox 114 4415 1206 4515; baseline 0.001 -28"><span class='ocrx_word' id='word_1_316' title='bbox 114 4419 224 4514; x_wconf 76' lang='grc' dir='ltr'>φώνων</span> <span class='ocrx_word' id='word_1_317' title='bbox 256 4419 464 4515; x_wconf 75' lang='grc' dir='ltr'>ἐκφερομένη·</span> <span class='ocrx_word' id='word_1_318' title='bbox 507 4419 583 4488; x_wconf 80' lang='grc' dir='ltr'>ἀλλ’</span> <span class='ocrx_word' id='word_1_319' title='bbox 614 4417 720 4500; x_wconf 78' lang='grc' dir='ltr'>ἐπειδή</span> <span class='ocrx_word' id='word_1_320' title='bbox 754 4417 964 4500; x_wconf 80' lang='grc' dir='ltr'>θασυνομένης</span> <span class='ocrx_word' id='word_1_321' title='bbox 997 4423 1054 4496; x_wconf 75' lang='grc' dir='ltr'>τῆε</span> <span class='ocrx_word' id='word_1_322' title='bbox 1088 4415 1206 4488; x_wconf 65' lang='lat' dir='ltr'>edocta»</span> 
     </span>
     <span class='ocr_line' id='line_1_36' title="bbox 618 4553 690 4594; baseline 0 0"><span class='ocrx_word' id='word_1_323' title='bbox 618 4553 643 4594; x_wconf 78' lang='grc' dir='ltr'>ιι</span> <span class='ocrx_word' id='word_1_324' title='bbox 661 4553 690 4594; x_wconf 88' lang='lat' dir='ltr'>m</span> 
     </span>
    </p>
   </div>
   <div class='ocr_carea' id='block_1_6' title="bbox 0 0 1501 5018">
    <p class='ocr_par' dir='ltr' id='par_1_13' title="bbox 0 0 1501 5018">
     <span class='ocr_line' id='line_1_37' title="bbox 0 0 1501 5018; baseline 0 0"><span class='ocrx_word' id='word_1_325' title='bbox 0 0 1501 5018; x_wconf 95' lang='lat' dir='ltr'> </span> 
     </span>
    </p>
   </div>
  </div>
 </body>
</html>
