2966 5014
218 277 223 288 '
277 315 343 384 ¹74
571 301 774 366 ταουτιον
795 301 1088 366 κοινουουιιοκ
1409 293 1471 356 κω

273 469 369 568 ἀξεία
381 471 424 551 είς
435 469 572 571 βαρεῖαν
586 469 723 568 (ὀξεῖαν)
735 472 962 571 συνέρχονται,
979 469 1049 546 αίον
1066 466 1149 573 ζωάς
1165 469 1238 572 ζάς,
1255 471 1402 550 bernabe

277 585 391 672 ἑατάς,
409 585 547 686 Βρισηῒς
564 586 700 685 Βρισῆς·
727 585 903 682 ἀξυνόμενα
929 585 964 658 ἀὲ
986 591 1131 670 ῆμελλον
1148 587 1330 671 ἐμπίπτειν
1350 589 1402 665 είς

278 712 473 804 χαρακτῆρα
491 704 698 776 ἀπαιτοῦντα
714 703 774 787 τῆν
791 700 843 774 ἀιά
859 709 921 774 τοῦ
938 731 1000 774 τοι
1015 703 1135 775 κλίσιν.

329 819 386 892 Τά
403 823 446 898 είς
462 850 506 892 nx
524 817 707 914 ἀξυνόμενα,
725 819 850 916 ἔχοντα
875 815 944 917 πρά
968 823 1032 890 τοῦ
1048 849 1071 890 n
1088 815 1305 907 ἀμετάβολον
1334 817 1400 889 καί

274 936 346 1036 πρὸ
372 939 434 1010 τοῦ
457 934 675 1024 ἀμεταβύλου
696 935 810 1032 ’ἕτερον
831 935 1019 1032 σύμφωνον,
1034 935 1079 1018 μῆ
1103 933 1190 1008 κατά
1212 935 1431 1028 συγκοπῆνύ

276 1055 372 1140 ὄντα,
389 1051 442 1126 ἀιά
458 1059 520 1126 τοῦ
542 1083 603 1124 που
628 1051 807 1134 κλίνονται,
824 1049 896 1122 οἶον
911 1050 1020 1139 ἆβλῆε
1043 1052 1206 1138 ἀβλῆτος,
1224 1049 1400 1149 Προκλῆς

280 1169 491 1268 Προκλῆτυς,
508 1168 638 1254 ἧμιθνῆε
654 1171 838 1252 ἡμιθνῆτος,
855 1167 992 1265 »imae
1008 1171 1198 1263 ἧυιτρῆτοε,
1211 1166 1399 1264 ἇυφιτρῆς

278 1285 503 1386 ἀμφιτρῆτος.
555 1282 762 1382 Πράσκειται
788 1291 810 1324 “
822 1283 866 1366 μῆ
891 1281 977 1356 κατά
1000 1278 1172 1376 συγκαπῆν
1196 1283 1309 1366 ὅντα,”
1332 1281 1397 1354 διὰ

277 1398 321 1473 τά
337 1401 506 1499 μελαχρῆς
520 1404 717 1496 μελαχροῦς,
734 1404 840 1470 ταῦτα
859 1395 927 1495 χάρ
944 1400 988 1477 είς
1005 1427 1064 1470 ατε
1079 1399 1148 1496 ἔχει
1165 1397 1228 1483 τῆν
1243 1397 1395 1491 γενικῆν,

277 1518 358 1590 ἀλλ’
374 1516 443 1588 ἀπὸ
467 1521 529 1588 τοῦ
551 1515 754 1613 μελαχροιῆς
779 1515 900 1608 γέγονε
921 1511 1008 1586 κατά
1028 1518 1208 1608 συγκοπῆν.
1260 1513 1393 1607 Τούτῳ
1406 1542 1446 1582 ιο

275 1631 332 1706 οῦν
348 1639 398 1725 τῷ
415 1633 523 1726 λόγῳ,
540 1634 570 1703 εί
583 1635 781 1728 σννηροῦντο
803 1627 888 1704 κατά
906 1630 968 1714 τῆν
983 1631 1105 1702 εύθεῖαν
1120 1627 1167 1702 τά
1184 1629 1324 1702 ἐπίθετα
1335 1630 1392 1704 τὰ

275 1748 370 1849 παρά
387 1747 430 1823 τά
446 1750 541 1827 κλίος
557 1750 709 1834 σύνθετα,
726 1752 871 1832 ἤμελλον
888 1744 939 1818 διά
955 1751 1018 1818 τοῦ
1035 1775 1097 1816 τοι
1113 1746 1295 1831 κλίνεσθαι,
1311 1743 1391 1818 οίαν

277 1869 378 1950 ἀκλῆς
402 1867 556 1949 ἀκλῆτος,
574 1863 710 1947 ἀυσκλῆς
736 1861 928 1949 ἀνσκλῆτος,
950 1863 1099 1955 ἀγακλῆς
1120 1862 1324 1954 ἀγακλῆτος,
1342 1865 1389 1940 ὥς

275 1980 417 2076 ’ἀξύτονα
441 1980 521 2052 ὄντα
545 1980 596 2050 καί
620 1979 744 2075 ἔχοντα
769 1976 987 2067 ἀμετάβολον
1012 1975 1080 2076 πρὸ
1104 1981 1167 2050 τοῦ
1185 2007 1209 2048 n
1231 1979 1286 2048 καί
1311 1977 1386 2076 πρά

229 2131 233 2184 j
278 2103 340 2170 τοῦ
356 2096 572 2186 ἀμεταβάλου
588 2097 701 2193 ἕτερον
717 2095 904 2193 σύμφωνον·
923 2091 1014 2165 ἀλλά
1027 2094 1088 2178 μῆν
1102 2091 1154 2165 ἀιά
1166 2101 1230 2165 τοῦ
1245 2123 1308 2165 τοι
1325 2097 1386 2166 οῦκ
1400 2111 1436 2172 15

277 2213 432 2299 ἠδύναντο
447 2215 625 2296 κλίνεσθαι,
642 2211 750 2294 ε’πειάῆ
767 2213 867 2282 κανιύν
883 2209 1011 2282 ἐστινὸ
1034 2210 1152 2303 λέγων,
1170 2209 1224 2281 ὅτι
1241 2207 1288 2280 τά
1307 2243 1387 2282 σνν-

276 2331 416 2428 ηρημίνα
440 2329 501 2412 τῆν
525 2334 591 2402 τιῦν
613 2329 750 2400 ἐντελῶν
775 2325 987 2426 φυλάττουσι
1012 2327 1132 2412 κλίσιν,
1150 2325 1387 2426 οἳονἘρμέας

274 2444 431 2541 Ἑρμίου,
449 2443 578 2540 Ἑρμῆς
591 2443 737 2540 Ἑρμοῦ,
755 2443 862 2521 πλόος
883 2443 1004 2531 πλόου,
1020 2449 1124 2520 πλοῦς
1141 2449 1239 2526 πλοῦ,
1255 2448 1386 2527 τιμῆεις

274 2561 457 2642 τιμήεντος,
490 2566 586 2640 τιμῆς
618 2565 787 2643 πιμῆντοε,
822 2557 974 2658 ἀαφνῆεις
1010 2557 1221 2657 ἀαφνῆεντος,
1255 2559 1385 2658 ἀαφνῆς

226 2731 229 2742 .
277 2669 471 2772 ἀαφνῆντος.
523 2673 574 2746 EI
597 2672 650 2747 οῦν
666 2672 709 2747 τά
735 2675 851 2760 ἀκλεῆς
874 2675 928 2746 καί
954 2675 1107 2759 ἀυσκλεῆς
1127 2679 1172 2754 είς
1190 2706 1247 2747 οτι
1263 2676 1382 2774 ίχαυσι
1395 2699 1433 2740 20

274 2791 338 2876 τῆν
367 2791 504 2886 Ιγενικῆν,
539 2788 609 2864 οίον
644 2793 778 2869 ἀκλεοῦς
807 2791 979 2869 ἀνσκλεοῦς
1011 2792 1202 2885 ἀγακλεοῦς,
1236 2790 1386 2884 ἀναγκά-

275 2904 391 3006 ζονται
408 2907 461 2976 καί
478 2907 511 2977 ἐν
526 2913 569 3000 τῆ
586 2907 765 3004 συναιρέσει
781 2906 842 2990 τῆν
858 2907 958 2990 αύτῆν
973 2907 1082 2979 κλίσιν
1099 2903 1260 3004 φυλάξαι.
1304 2907 1385 2980 Τῶν

275 3019 331 3092 οῦν
356 3020 411 3092 ἀύα
436 3022 573 3092 κανόνων
596 3022 800 3119 μαχομένων,
820 3021 873 3094 καί
899 3021 1042 3106 τοῦμὲν
1067 3020 1134 3100 ἓνάς
1157 3023 1384 3102 ἀπαιτοῦντος

275 3137 337 3220 τῆν
354 3134 405 3206 ἀιά
422 3143 485 3207 τοῦ
500 3165 561 3208 που
578 3137 696 3221 κλίσιν,
713 3143 775 3210 τοῦ
791 3137 826 3209 ἀὲ
841 3138 955 3235 ίτίρου
969 3140 1030 3222 τῆν
1046 3141 1090 3216 είς
1107 3168 1176 3220 οτι,
1188 3139 1321 3222 μένουσι
1333 3139 1383 3212 τά

228 3285 231 3318 :
277 3251 413 3324 ἐπίθετα
430 3253 626 3351 ἀσυναίρετα
643 3250 728 3326 κατά
744 3255 805 3338 τῆν
822 3253 955 3327 εύθεῖαν.
1007 3253 1140 3325 Τούτου
1155 3251 1209 3324 ούν
1220 3252 1322 3352 χάριν
1333 3255 1382 3328 τά
1392 3283 1429 3346 25

276 3365 369 3465 παρά
398 3367 441 3441 τά
468 3370 562 3448 κλέος
587 3371 727 3442 σύνθετα
752 3367 789 3441 ού
813 3376 1038 3468 συναιροῦντοι
1061 3368 1147 3442 κατά
1168 3371 1229 3454 τῆν
1244 3373 1381 3446 εύθεῐαν.

279 3482 335 3556 Τά
365 3483 434 3585 γάρ
463 3487 554 3584 κύρια
584 3486 813 3583 συναιρούμενα
838 3491 1076 3584 περισπῶνται,
1102 3482 1172 3557 οἷον
1189 3486 1382 3584 Ἠρακλέης

275 3601 458 3699 Ἡρακλῆς,
477 3602 657 3700 Περικλέης
678 3601 852 3699 Περικλῆς,
876 3607 894 3685 ῆ
921 3601 988 3700 γὰρ
1014 3600 1104 3696 ὀξεῖα
1132 3602 1185 3673 καί
1212 3607 1231 3686 ἦ
1256 3605 1381 3700 βαρεῖα

275 3721 320 3796 είς
337 3720 581 3816 περισπωμίνην
598 3718 824 3817 συνέρχονται,
841 3716 910 3790 οίον
927 3717 1003 3796 πάῦς
1022 3728 1109 3800 παῖς,
1128 3717 1242 3802 Πῆλίί
1255 3719 1379 3806 Πηλεῖ,

275 3832 411 3920 εύσεβέά
429 3835 557 3920 εύσεβῆ,
574 3833 626 3903 καί
651 3830 773 3904 λοιπάν
793 3835 848 3904 οῦκ
869 3835 1090 3917 ἐμπίπτουσιν
1112 3836 1155 3912 είς
1180 3844 1378 3933 χαρακτῆρα
1388 3869 1426 3928 30

275 3947 480 4019 ἀπαιτοῦντα
496 3949 557 4032 τῆν
574 3945 625 4019 ἀιά
650 3955 712 4020 τοῦ
735 3979 797 4020 τος
822 3949 941 4022 κλίσιν·
966 3949 1072 4047 ὁγὰρ
1089 3951 1191 4023 κανιάν
1207 3953 1281 4048 περί
1303 3949 1380 4048 ἀξυ-

275 4064 377 4136 τόνιον
394 4064 487 4136 ἐστίν
502 4067 542 4142 ὡς
559 4063 694 4162 ε’ίρηται.
747 4065 865 4138 Ταῦτα
882 4065 941 4149 μὲν
957 4067 989 4138 ἕν
1005 4067 1147 4145 τούτοις.

325 4179 468 4264 Ζηταῦσι
495 4179 531 4252 ἀί
553 4211 637 4258 τινες
661 4182 763 4254 πόθεν
779 4180 822 4253 τά
844 4181 1016 4281 Ἡρακλῆς
1038 4184 1107 4279 ἔχει
1132 4182 1192 4266 τῆν
1215 4183 1376 4256 σύνθεσιν·

275 4295 327 4368 καί
345 4299 379 4368 οί
401 4295 459 4381 μὲν
475 4293 603 4392 ἀξιοῦσι
629 4297 751 4389 λέγειν,
772 4297 826 4368 ὅτι
850 4297 942 4395 παρὰ
965 4295 1008 4370 τά
1027 4297 1126 4396 Ἥρα
1147 4299 1199 4371 καί
1222 4296 1265 4370 τά
1281 4301 1378 4380 κλέος

163 4421 260 4502 104b
275 4413 368 4486 ε’στίν
384 4416 403 4496 ῆ
419 4413 578 4500 σύνθεσις,
595 4415 691 4486 οἱονεί
707 4415 727 4484 ἀ
749 4413 832 4510 ἔχων
856 4415 917 4498 τῆν
938 4413 1042 4510 ’δόξαν
1066 4415 1101 4486 ἐκ
1125 4423 1186 4499 τῆς
1203 4413 1330 4512 Ἥρας·
1358 4421 1420 4514 ¹53⁵
