2954 5020
292 313 334 376 80
587 315 789 376 ΓΕΩΡΓΙΟΥ
810 315 1102 377 ΧΟΙΡΟΒΟΣΚΟΥ
1403 309 1463 372 Κωί

290 482 333 555 τό
351 513 372 556 ο
389 486 432 560 είς
448 482 491 555 τὸ
509 515 529 554 ο
547 487 579 555 ἐν
595 491 638 578 τῇ
655 491 773 579 γενικῇ.
817 485 1043 570 Σεσημείωται
1059 483 1105 556 τό
1122 482 1274 570 Πάμμων
1292 484 1395 572 Πόμ-

289 631 388 684 μονος
406 598 457 670 διὰ
475 605 538 671 τοῦ
555 631 574 671 ο
592 598 712 683 κλιθὲν,
731 599 799 672 οίον

371 793 482 864 πόμμον’
497 794 558 848 όταν
571 796 702 866 τιφόντι,
728 794 776 867 [ll.
792 794 829 849 ω’.
846 807 914 868 250.
938 793 1064 864 Πάμμονά
1076 793 1099 849 τ’
1114 793 1270 866 Ἀντίφονόν
1283 795 1336 868 τε,]

292 967 380 1056 (ἔστι
406 963 441 1035 δὲ
466 965 569 1048 ὄνομα
593 965 727 1059 κόριον.)
784 960 839 1032 Τὰ
865 959 957 1058 παρὰ
983 960 1026 1034 τό
1052 963 1141 1060 φρίην
1158 961 1280 1060 φρενός
1304 965 1394 1057 γινό-

289 1113 368 1166 μενα
399 1083 559 1179 τρέπουσι
588 1077 632 1150 τίν
663 1109 684 1149 n
709 1081 752 1155 εἰς
785 1075 828 1148 τό
855 1109 874 1148 ο
902 1080 935 1148 ἐν
962 1084 1005 1171 τῇ
1029 1085 1147 1172 γενικῇ,
1173 1075 1242 1150 οἷον
1277 1079 1415 1177 ἅφρωνς

290 1196 447 1296 ἄφρονος,
474 1201 617 1294 σώφρων
643 1197 827 1292 σώφρονος,
846 1191 1033 1291 Λυκόφρων
1052 1191 1280 1291 Λυκόφρονος,
1304 1195 1391 1283 (ἔστι

290 1313 325 1384 δὲ
354 1315 457 1397 ὄνομα
483 1315 616 1411 κόριον,)
644 1313 815 1409 περίφρων
837 1311 1050 1408 περίφρονος,
1077 1309 1110 1400 (ό
1140 1309 1299 1404 συνετός)
1327 1307 1393 1379 δαί-

288 1435 382 1527 φρωυ
400 1429 587 1527 δαΐφρονος,
605 1429 757 1525 ἐχέφρων
779 1426 970 1523 ε’χέφρονος,
992 1425 1198 1516 (σημαίνουσι
1225 1423 1260 1496 δὲ
1285 1432 1392 1497 ταῦτα

289 1544 349 1616 τόν
366 1546 527 1640 συνετόν.)

345 1659 400 1732 Τίι
419 1665 461 1739 είς
478 1691 521 1732 ου
539 1665 691 1752 λήγοντα
711 1657 957 1755 προηγουμένου
983 1657 1210 1744 ἆμετοβόλου,
1227 1658 1319 1730 κοινὰ
1346 1665 1392 1749 τῷ
1406 1693 1435 1732 ιο

290 1777 385 1870 γένει,
403 1778 581 1849 τουτέστιν
597 1777 769 1872 ἀρσενικῶς
793 1774 845 1844 καί
864 1777 1005 1856 θηλυκῶς
1021 1772 1198 1866 λεγόμενα,
1216 1772 1267 1845 διὰ
1283 1782 1350 1846 τοῦ
1374 1807 1392 1846 o

288 1895 443 1974 κλίνεται,
462 1891 531 1964 οίον
547 1892 711 1989 πρόφρων
728 1890 932 1986 πρόφρονος,
943 1889 976 1978 (ὁ
989 1889 1184 1986 πρόθυμος,)
1196 1890 1215 1958 ό
1228 1890 1393 1988 πρόφρων

192 1989 197 1997 ¹
286 2009 341 2079 καί
372 2013 390 2092 ἦ
420 2008 593 2106 πρόφρων,
620 2003 736 2102 ἄφρων
766 2002 923 2101 ἄφρονος,
950 2006 969 2074 ὁ
999 2002 1117 2101 όφρωυ
1143 2005 1195 2076 καί
1221 2008 1239 2087 ἦ
1262 2004 1393 2104 ἄφρων,

290 2126 390 2208 α’ίμων
414 2125 556 2209 αίμονος,
583 2125 601 2193 ό
633 2121 735 2206 αίμων
762 2120 814 2191 καί
845 2124 863 2202 ἦ
889 2122 1000 2205 αίμων,
1024 2121 1169 2204 σημαίνει
1196 2119 1231 2193 δὲ
1250 2119 1313 2194 τόν
1338 2124 1394 2204 ἔμ-

290 2271 413 2337 πειρον.
1405 2256 1434 2314 ¹5

341 2353 397 2425 Τὰ
415 2357 458 2431 είς
473 2381 513 2426 τε
532 2353 732 2439 δισύλλαβα,
750 2352 849 2449 φόσει
867 2355 978 2447 μακρᾷ
995 2353 1266 2449 παραληγόμενα,
1284 2358 1392 2438 ἁπλᾶ,

289 2469 335 2557 μίη
359 2468 440 2540 ὄντα
466 2465 599 2551 θηλυκὰ,
616 2464 668 2538 διὰ
692 2473 754 2538 τοῦ
771 2497 793 2538 x
810 2467 987 2552 κλίνονται,
1004 2467 1074 2538 οἷον
1090 2466 1187 2563 αίθυξ
1201 2470 1341 2554 α’ίθυκος,
1360 2473 1392 2558 (ὁ

290 2585 473 2676 εὐκίνητος)
503 2581 596 2680 παρὰ
624 2580 669 2654 τό
698 2583 854 2664 αίθόσσω,
888 2583 976 2669 (ἔστι
1005 2581 1040 2654 δί
1069 2584 1171 2667 ὄνομα
1198 2586 1306 2662 ἔθνους
1341 2587 1392 2656 καί

289 2699 421 2798 κόριον,)
442 2695 571 2792 βαῖβυξ
593 2697 762 2786 βαίβυκος,
786 2697 963 2794 (βαίβυχες
989 2696 1025 2770 δὲ
1052 2699 1212 2792 λέγονται
1238 2702 1272 2772 οί
1295 2709 1394 2772 πελε-

289 2818 404 2909 κᾶνες,)
431 2810 541 2908 δοῖδυξ
568 2809 718 2894 δοίδυκος,
746 2811 779 2901 (ὁ
805 2811 962 2907 τριβείις,)
986 2810 1107 2910 θρόνυξ
1133 2812 1297 2912 θρόνυκος,
1324 2817 1391 2908 (ἐπί
1403 2849 1436 2889 ιο

289 2937 351 3002 τοῦ
368 2931 485 3027 θρόνου
501 2926 593 3026 παρὰ
611 2927 780 3026 Κορίννη)
799 2925 918 3024 θρῆνυξ
941 2932 1090 3026 θρήνυιιος
1107 2929 1178 3025 (ἐπὶ
1195 2937 1256 3002 τοῦ
1280 2933 1392 3011 αὐτοῦ,

289 3045 342 3116 καί
372 3047 465 3116 ἔστιν
493 3048 511 3126 ἡ
541 3051 659 3140 χρῆσις
685 3044 766 3140 παρ’
790 3041 980 3140 Εὗφορίωνι
1011 3045 1044 3116 ίν
1065 3043 1289 3144 Πολυχόρει,)
1315 3046 1396 3143 ίβυξ

290 3160 412 3246 ίβυκος,
430 3160 519 3250 (ἔστι
545 3156 580 3228 δὲ
604 3155 686 3234 είδυς
707 3157 846 3254 όρυίου,)
864 3155 937 3251 ίδυξ
958 3156 1072 3240 ίδνκος,
1090 3161 1159 3250 (ε’πί
1177 3169 1236 3244 τῆς
1259 3163 1392 3244 ίκτίδος,

291 3279 332 3354 ὡς
360 3273 584 3374 Ἀλέξανδρος
616 3277 635 3346 ό
670 3273 839 3370 Μόνδιος,)
873 3273 975 3372 κῆρυξ
1008 3280 1148 3374 κήρυκος,
1176 3277 1253 3372 Ἶυξ
1272 3279 1392 3362 Ἷυιιος,

205 3395 246 3480 65
262 3393 385 3472 ίνίὲστι
411 3391 446 3464 δὲ
470 3393 573 3475 ὄνομα
598 3391 727 3488 κόριον,)
756 3388 858 3485 κιόδυξ
884 3390 1027 3476 κιόδυκος,
1058 3394 1127 3484 (ε’πί
1155 3401 1218 3466 τοῦ
1245 3393 1434 3492 κωόόου,)ι5

291 3507 412 3607 Νόρυξ
434 3505 597 3606 Νόρυκος,
620 3507 709 3600 (ἔστι
738 3504 772 3578 δὲ
797 3507 900 3590 ὄνομα
925 3507 1079 3604 πόλεως’)
1104 3507 1147 3582 πδ
1171 3507 1298 3604 βαῐτυξ
1315 3512 1394 3598 βαί-

290 3653 403 3716 τνγος,
434 3623 594 3713 (σημαίνει
628 3623 663 3695 δὲ
694 3623 754 3706 την
780 3621 955 3718 βδέλλαν,)
981 3623 1034 3694 καί
1067 3621 1110 3696 τό
1143 3623 1227 3719 ἦλυξ
1257 3631 1392 3719 ἧλογος,

292 3739 452 3826 (σημαίνει
471 3735 505 3806 δὲ
526 3737 586 3818 την
603 3735 722 3829 σκιδυ,)
741 3734 793 3807 διὰ
818 3741 879 3808 τοῦ
907 3767 925 3808 1¹
951 3737 1105 3810 κλιθίντα
1131 3741 1187 3810 οὐκ
1212 3740 1390 3812 ἀντίκειται

292 3856 374 3934 ἡμῖν,
391 3849 500 3934 ἐπειδὴ
514 3851 617 3934 μόνως
635 3848 755 3934 θηλυκιί
773 3855 835 3924 είσι
852 3851 905 3922 καί
928 3851 1125 3949 ἐφυλάξατο
1142 3853 1226 3926 αὐτὰ
1243 3857 1262 3926 ὁ
1278 3857 1391 3926 κανόν.

294 3967 500 4064 Πρόσκειται
527 3969 673 4038 “όπλᾶ”
695 3965 748 4038 διὰ
775 3967 817 4040 τδ
847 3967 955 4063 μῶνυξ
979 3975 1123 4068 μώνυχας
1149 3971 1317 4057 σύνθετον,
1337 3971 1390 4042 καί
1400 4001 1436 4058 30

291 4080 343 4154 διὰ
361 4087 421 4154 τοῦ
439 4111 462 4153 x
477 4084 631 4156 κλίνεται·
654 4081 762 4177 μόυυξ
785 4083 819 4156 δὲ
839 4085 931 4157 ἐστίν
948 4087 967 4156 ὁ
990 4088 1074 4184 ἔχων
1090 4089 1144 4160 ἕνα
1163 4088 1275 4186 ὄνυχα,
1292 4088 1390 4160 οίονεί

291 4195 459 4291 μονοόνυξ.

343 4310 399 4382 T&
426 4316 468 4390 είς
493 4343 534 4386 τε
558 4313 747 4402 δισύλλαβα
769 4317 892 4414 ἔχοντα
918 4320 951 4390 ἓν
973 4325 1016 4412 τῇ
1037 4321 1209 4410 τελευταίᾳ
1234 4323 1391 4414 συλλαβῇ
