2954 5020
15 349 41 400 Ρ.
52 325 85 390 α’.
415 333 482 394 ΕΙΣ
503 333 559 393 ΤΟ
582 332 873 393 ΟΝΟΜΑΤΙΚΟΝ.
1152 341 1193 409 57

94 500 166 570 ἔστι
185 497 346 574 δὲταῦτα
363 503 511 586 ὀνόματα
528 502 656 572 πόλεων
668 498 875 593 Αίγυττίων.
901 497 1109 595 ’Πρόσκειται
1126 509 1146 539 “
1156 500 1195 574 ὧς

90 615 141 684 ι’πί
162 613 208 687 τῦ
230 617 424 700 πλεῖστον,”
442 613 496 688 διὰ
521 614 564 687 τῦ
588 615 743 713 Μέμφις·
771 615 833 688 ὅτε
853 616 912 700 μέν
934 614 1007 686 ἐστι
1034 611 1216 710 Μέμφιος·

89 729 317 814 σεσημείωται,
346 731 406 804 ὅτε
435 729 470 802 δὲ
502 730 541 802 ίυ
575 737 619 826 τῇ
652 735 770 828 χρήσει
805 728 996 828 Μέμφιδος·
1025 729 1100 800 ἔστι
1125 727 1195 826 γὰρ

88 843 280 938 Αίγύπτιον
313 847 426 930 ὄνομα.
470 847 695 931 Σεσημείωται
726 845 769 918 τῦ
802 847 958 944 Βούσιρις
987 843 1194 943 Βουσίριδος,

87 960 136 1032 καί
154 960 296 1058 Ὄσιρις
317 960 499 1058 Ὀσίριδος,
516 963 569 1034 καί
594 969 702 1036 ταῦτα
727 960 796 1060 γὰρ
813 963 1009 1056 Αἰγυπτίων
1025 961 1106 1034 εἰσίν
1122 959 1218 1040 όνό-5

85 1106 184 1159 ματα,
201 1077 257 1148 καί
275 1077 360 1160 ὅμως
377 1075 429 1149 διὰ
446 1083 509 1149 τοῦ
524 1107 585 1150 on
602 1079 778 1150 κλίνονται.

133 1190 190 1263 Τὰ
207 1190 303 1291 παρὰ
319 1191 363 1265 τῦ
380 1193 479 1272 πόλις
496 1194 648 1280 σύνθετα,
665 1193 705 1265 δν
721 1193 779 1277 μὲν
798 1199 938 1278 θηλυκοῦ
961 1195 1061 1276 μόνου
1083 1196 1193 1288 γένους

86 1308 252 1399 γίνωνται,
270 1310 330 1392 τὴν
353 1314 416 1380 τοῦ
439 1313 553 1380 α’πλοῦ
576 1306 789 1406 φυλάττουσι
817 1311 936 1393 κλίσιν,
955 1310 1113 1381 τουτέστι
1139 1309 1191 1382 διὰ

86 1427 228 1522 καθαροῦ
256 1430 320 1495 τοῦ
348 1454 391 1495 αι
416 1426 594 1508 κλίνονται,
623 1423 692 1496 οἷον
722 1424 821 1502 πόλις
847 1425 984 1510 πόλεως,
1011 1425 1192 1524 ἆκρόπολις

15 1549 72 1616 ἅςὸ
87 1538 304 1635 ιἰιροπόλεως,
322 1539 539 1619 Καλλίπολις
553 1525 810 1627 Καλλιπόλεως,
826 1540 1043 1639 Ἀμφίπολις
1061 1539 1191 1639 Ἀμφι-
1205 1568 1238 1608 10

84 1655 219 1740 πόλεως,
247 1656 336 1745 (ἔστι
364 1655 398 1727 δὲ
427 1658 529 1740 ὄνομα
566 1657 720 1752 πόλεως’)
752 1654 807 1728 ἐὰν
837 1656 871 1728 δὲ
897 1659 1067 1755 ἀρσενικοῦ
1092 1657 1191 1741 μόνου

86 1770 191 1861 γε’νους
218 1771 389 1866 γένωνται,
407 1771 426 1854 ίη
443 1773 613 1870 ἀρσενικοῦ
638 1773 690 1844 καί
710 1775 858 1856 θηλυκοῦ,
877 1771 929 1844 διὰ
949 1779 1011 1844 τοῦ
1035 1801 1097 1844 on
1121 1775 1191 1844 κλί-

85 1915 201 1958 νονται.
248 1886 441 1984 Ἀρσενικοῦ
464 1887 524 1972 μὲν
547 1888 648 1973 μόνον
674 1889 794 1982 γένους,
813 1885 882 1958 οίον
907 1888 926 1958 6
950 1886 1105 1966 Σώπολις
1129 1895 1191 1961 τοῦ

86 1999 289 2083 Σωπόλιδος,
304 2002 404 2093 ,(ἔστι
435 2001 469 2074 δὲ
496 2002 598 2086 ὄνομα
628 2004 735 2100 κόριον
762 2006 925 2098 κωμικοῦ)
953 2004 972 2074 6
999 2002 1190 2096 Ἀγησίπο-

85 2123 132 2194 λις
163 2123 229 2190 τοῦ
260 2116 537 2210 Ἀγησιπόλιδος,
572 2119 662 2214 (ἔστι
693 2117 728 2190 δὲ
762 2119 865 2202 ὄνομα
895 2124 1092 2214 στρατηγοῦ
1123 2123 1188 2190 τῶν
1201 2153 1235 2212 15

87 2231 292 2328 Ἀθηναίων,)
305 2233 472 2330 ἀρσενικοῦ
485 2232 520 2306 δὲ
540 2235 592 2304 καί
607 2239 756 2318 θηλυκοῦ,
774 2232 843 2304 οίον
860 2233 879 2304 6
897 2233 1083 2330 φιλόπολις
1098 2235 1150 2306 καί
1169 2239 1188 2317 ἡ

87 2349 271 2443 φιλόπολις
294 2355 356 2420 τοῦ
379 2347 603 2447 φιλοπόλιδος
619 2357 678 2432 τῆς
695 2347 930 2446 φιλοπόλιδος,
948 2350 967 2419 6
988 2347 1111 2427 ῦπολις
1135 2351 1188 2421 καί

87 2464 259 2548 ἦῦπολις,
284 2471 345 2536 τοῦ
372 2464 531 2541 ιἰπόλιδας
556 2466 607 2536 καί
637 2472 696 2548 τῆς
721 2464 892 2542 ἀπόλιδας.
931 2464 1048 2537 Ταῦτα
1074 2464 1132 2548 μὲν
1156 2467 1188 2538 ἐν

87 2583 222 2661 τοῦταις.

132 2696 187 2769 Τὰ
213 2702 261 2776 εἷς
285 2727 319 2768 ιε
341 2696 573 2796 προσηγορικὰ
600 2700 644 2783 μὴ
667 2699 748 2770 ὄντα
773 2703 947 2798 παρώνυμα
970 2698 1186 2798 μακροπαρό-
1198 2737 1234 2777 20

87 2819 186 2896 ληκτα
210 2811 267 2886 διὰ
292 2817 437 2912 καθαροῦ
460 2820 522 2886 τοῦ
549 2843 588 2885 απ
613 2816 790 2900 κλίνονται,
814 2815 883 2886 οἷον
905 2815 984 2910 ὄφις
1009 2815 1107 2910 ὄφιος
1132 2817 1184 2886 καί

88 2927 196 3024 ὄφεως,
221 2931 295 3026 ἔχις
321 2929 410 3026 ἕχιος
436 2931 489 3002 καί
518 2931 624 3028 ἔχεως,
647 2928 762 3014 μόντις
789 2929 924 3014 μάντιος
951 2929 1005 3002 καί
1031 2927 1184 3014 μόντεως,

87 3045 178 3122 πόσις
193 3045 317 3122 πόσιος
333 3046 385 3116 καί
399 3046 537 3123 πόσεως·
560 3047 705 3130 σημαίνει
723 3045 757 3118 δὲ
773 3045 833 3118 τὸν
850 3045 961 3145 ἄνδρα.
1002 3052 1185 3144 Προσηγο-

85 3159 153 3252 pu&
166 3160 201 3234 δὲ
213 3164 383 3260 είρῆκαμεν
399 3159 444 3233 τῦ
456 3162 500 3244 μὴ
515 3161 595 3233 ὄντα
608 3163 709 3259 κύρια.
749 3162 863 3234 Τοῦτο
874 3160 908 3234 δὲ
921 3162 1115 3259 πρόσκειται
1131 3162 1183 3236 διὰ

86 3272 126 3346 τῦ
149 3277 244 3374 κύρια
269 3275 314 3348 τὰ
340 3277 584 3374 προλεχθὲντα,
611 3275 662 3349 διὰ
689 3276 732 3349 τὸ
755 3275 864 3376 Πόρις
888 3275 1037 3375 Πάριδος
1059 3280 1111 3350 καί
1137 3277 1229 3376 πᾶη5

87 3387 188 3472 ὅμοια.
216 3389 427 3488 Πρόσκειται
439 3391 472 3464 δὲ
484 3393 553 3476 “μὴ
567 3393 647 3464 ὄντα
661 3396 835 3491 παρώνυμα
846 3390 1184 3490 μακροπαρόληκτα,”

88 3501 134 3575 διὰ
148 3505 192 3578 τῦ
210 3506 301 3599 γῦνις
320 3505 456 3600 γόνιδος,
473 3507 526 3577 καί
550 3503 669 3605 λότρις
693 3505 861 3604 λότριδος,
879 3507 931 3578 καί
953 3509 1030 3584 εῦνις
1055 3507 1181 3585 εὔνιδος.

88 3616 199 3693 Ταῦτα
231 3619 301 3714 γὰρ
327 3623 364 3692 οῦ
393 3624 557 3695 κλίνονται
589 3622 640 3695 διὰ
671 3627 815 3721 καθαροῦ
838 3629 900 3696 τοῦ
930 3653 982 3707 oz,
1009 3620 1100 3694 αἰλλῦι
1129 3623 1182 3696 διὰ

86 3743 141 3805 τοῦ
164 3767 242 3823 on,
263 3737 331 3808 ἐπεί
356 3738 409 3809 καὶ
434 3743 610 3837 παρώνυμα
635 3741 727 3822 είσίυ,
753 3740 804 3810 καί
832 3735 899 3837 γὰρ
925 3737 993 3810 ἀπὸ
1020 3739 1182 3824 ὀνόματος
1228 3833 1230 3840 ⁴

87 3847 246 3940 ι’γένοντο,
275 3852 328 3922 καί
364 3851 682 3952 μακροπαρόληκτα,
716 3855 768 3925 καί
808 3851 877 3954 γὰρ
910 3853 1037 3952 μακρὰν
1066 3858 1180 3955 ἔχουσι
1191 3899 1244 3956 30¹

87 3965 139 4047 τὴν
175 3971 450 4065 παραλήγουσαν·
488 3974 507 4053 ἦ
540 3969 609 4069 γὰρ
643 3971 711 4069 πρῦ
740 3971 857 4048 τέλους
890 3973 1046 4060 συλλαβὴ
1070 3971 1180 4071 μακρό

88 4079 166 4154 ε’στι.
226 4083 281 4156 T6
308 4085 366 4168 μὲν
395 4083 464 4184 γὰρ
494 4088 582 4180 γόνις
617 4085 742 4181 γίνιδος
771 4085 863 4184 παρὰ
892 4085 936 4158 τῦ
971 4092 1048 4180 γυνή
1076 4089 1179 4173 ἐστιν,

89 4195 151 4270 ἆπδ
165 4200 236 4299 γὰρ
251 4207 315 4274 τοῦ
331 4202 409 4295 γυνὴ
425 4203 560 4295 ἐγένετο
576 4204 672 4296 γῦνις,
689 4203 742 4274 καί
763 4200 849 4274 κατὰ
871 4201 1180 4287 ἆναδιπλασιασμδν

91 4313 195 4405 γίννις,
213 4318 359 4403 σημαίνει
387 4313 420 4389 δὲ
444 4316 505 4390 τόν
525 4316 712 4412 γυναικώδη.
756 4317 809 4390 Τδ
828 4315 862 4390 δὲ
880 4314 999 4416 λόπρις
1023 4315 1180 4418 λότριδος

92 4431 173 4526 παρὰ
189 4431 233 4505 τῦ
249 4430 378 4532 λότρον
394 4435 479 4506 ε’στί·
506 4431 634 4531 λόπρον
651 4435 787 4528 λέγεται
811 4435 830 4504 ὁ
848 4431 976 4517 μισθὸς,
993 4434 1045 4506 καί
1063 4431 1181 4529 λα’τρικ
1191 4483 1206 4540 3
1212 4485 1227 4540 5
1298 4436 1303 4446 ’

635 4571 645 4611 1
