2958 5018
404 325 473 386 ιιιε
492 326 548 386 το
571 326 862 386 ουοιικτικοιι.
1118 339 1182 406 305

42 487 222 589 ἁρπάζοι
247 489 363 589 ἁρπαξ
385 493 549 591 ἅρπαγος,
576 493 675 570 οὕτως
701 493 753 564 οῦν
778 495 830 564 καὶ
857 490 996 588 λὰσταξ
1018 495 1070 564 καί
1095 491 1180 566 κατὰ

50 608 260 695 ἀποβολὴν
271 610 312 685 ὡς
329 609 453 706 ε’ίρηται
471 615 532 681 τοῦ
550 641 577 692 z,
590 605 728 708 λατὰζω
743 606 858 703 λὰταξ
872 606 1034 701 λὰταγος.
1062 607 1180 679 Ταῦτα

54 723 129 806 μὲν
149 725 185 794 ἓν
203 724 348 801 τούτοις.

119 839 264 910 Ἰστέον
285 838 319 910 δέ
344 841 397 910 καὶ
422 846 535 922 τοῦτο,
557 840 611 911 ὅτι
633 839 678 912 τὰ
700 845 744 918 είς
762 867 804 913 οε
821 846 974 934 λήγοντα
991 840 1180 928 δισύλλαβα

63 953 246 1050 ἀρσενικὰ,
284 953 338 1024 έὰν
374 959 475 1050 ἔχωσι
515 955 612 1052 φύσει
651 953 779 1052 μακρὰν
815 957 876 1038 τὴν
908 962 1208 1054 ταραλῆγουσαν,5

67 1055 257 1141 ἐκτείνουσί
291 1067 420 1147 πάντας
457 1068 500 1142 τῦ
539 1099 571 1153 A,
606 1071 765 1143 τουτέστι
808 1072 906 1169 φύσει
939 1071 1064 1169 μακρὸν
1101 1071 1182 1144 αῦπὰ

67 1185 208 1281 έχουσι,
230 1181 310 1267 οἷον,
333 1183 452 1282 θώραξ,
476 1181 561 1279 οίαξ.
614 1184 820 1284 Πρὰσκειται
845 1199 865 1229 “
878 1184 932 1257 ε’ἁν
957 1187 1057 1284 ἔχωσι
1084 1189 1182 1284 φύσει

71 1298 209 1398 μακρὰν
234 1300 294 1384 τίιν
319 1303 611 1397 παρολὰγουσαν,”
636 1299 689 1374 ἁιᾶ
715 1300 761 1374 τὰ
787 1303 875 1374 θέσει
904 1301 1031 1401 μακρὰν
1059 1304 1183 1400 έχοντα

72 1416 216 1500 ταύτην,
240 1412 310 1488 οίον
352 1413 385 1487 ιὰ
410 1414 453 1488 τὸ
477 1414 594 1514 ἅρπαξ
617 1417 669 1488 καί
694 1416 823 1516 κέκραξ·
860 1424 968 1490 ταῦτα
996 1415 1064 1515 γὰρ
1095 1449 1184 1488 συνε-

76 1525 272 1615 σταλμένον
287 1532 401 1628 έχουσι
417 1529 461 1603 τὸ
479 1562 510 1616 A,
523 1534 681 1605 τουτέστι
699 1535 787 1606 θέσει
803 1533 928 1632 μακρὸν
943 1534 1023 1606 οῦτὰ
1039 1536 1182 1632 έχοοσιν.
1197 1555 1231 1594 10

79 1647 291 1744 Εῦρίσκομεν
316 1645 385 1744 γάρ
410 1679 485 1719 τινα
510 1649 543 1719 έν
568 1650 677 1726 αι’ντοῑς
699 1651 824 1746 ἔχοντα
850 1648 892 1722 τὸ
914 1681 936 1722 A
958 1651 1183 1736 ἐκτεταμένον,

77 1764 242 1837 τουτέστι
272 1765 369 1862 φῦσα
398 1763 534 1863 μακρὸν,
564 1764 633 1836 οῦου
663 1762 748 1860 νέαξ,
774 1767 934 1856 (σημαίνει
961 1763 996 1836 ἁέ
1023 1763 1084 1837 τῦυ
1113 1767 1185 1836 νειέ-

79 1885 207 1977 τερον,)
224 1878 340 1977 φέναξ,
357 1879 520 1971 (σημαίνει
538 1879 572 1951 ἁὲ
589 1879 649 1952 τὸν
662 1882 860 1975 ἀπατεῶνα)
871 1877 1005 1978 κὰρὰαξ,
1024 1879 1183 1970 (σημαίνει

82 1994 120 2065 δέ
137 2001 238 2066 τοῦτο
256 1996 395 2092 ὄρχησιν
411 1997 574 2090 κοιμικῆυ.)
615 1994 704 2068 Ἰἁοῦ
720 1995 774 2068 οῦν
790 2003 899 2068 ταῦτα
920 1997 964 2079 μὴ
986 1996 1184 2092 ταραληγὰ·

83 2141 165 2194 μονα
182 2112 279 2208 φύσει
302 2115 412 2207 μακρᾷ
435 2111 550 2207 έχουσι
573 2109 615 2182 τὰ
636 2141 654 2181 A
672 2113 894 2198 ἐκτεταμένον,
911 2111 1068 2183 τουτέστι
1086 2111 1184 2209 φύσει
1198 2131 1231 2192 15

85 2225 219 2324 μακρὸν,
236 2230 276 2304 ὡς
294 2226 392 2310 δῆλον
407 2229 442 2298 ἐκ
456 2233 524 2299 τῶν
541 2225 652 2298 ἄλλων
669 2230 825 2300 ττῶσειιν
842 2233 907 2299 τῶν
923 2229 967 2312 μὴ
984 2228 1127 2322 ἐχουσῶν
1143 2224 1185 2296 τὸ

88 2371 122 2414 Ε.
173 2341 395 2426 Σημειοῦμεθα
413 2343 445 2414 ἕν
460 2350 509 2435 τῷ
527 2343 633 2414 κανόνι
646 2343 720 2414 τινὰ
733 2345 856 2441 ἔχοντα
870 2345 968 2441 φύσει
985 2339 1112 2438 μακρὰν
1127 2341 1187 2424 τὴν

88 2461 348 2553 παραλήγουσαν
360 2460 412 2528 καί
426 2460 664 2530 ,συστέλλοντα
681 2457 724 2531 τῦ
741 2490 769 2542 A,
781 2461 940 2532 τουτέστι
958 2459 1045 2530 θέσει
1061 2454 1187 2553 μακρῦυ

89 2570 171 2644 αῦτὰ
187 2573 319 2668 ἔχοντα,
334 2575 398 2644 εἶσὶ
411 2573 446 2646 ἁὰ
458 2580 577 2657 ταῦτα,
589 2573 715 2669 Ὗλαξ,
729 2574 837 2670 Κῆαξ,
851 2575 1014 2666 (ὀνόματα
1029 2572 1063 2644 ἁέ
1079 2579 1186 2644 ταῦτα

90 2687 205 2782 κύρια)
223 2683 317 2780 σῦαξ,
329 2686 561 2784 (φασηλοειὰές
578 2689 745 2785 ὅστριον,)
763 2690 816 2760 καί
836 2688 879 2760 τὸ
900 2687 1014 2782 κὰβαξ
1029 2688 1184 2785 ἁιφοροῦ-
1197 2706 1234 2746 20

90 2825 193 2886 μενον·
221 2807 325 2873 τοῦτο
343 2799 411 2901 ’γὰρ
428 2803 515 2876 ποτέ
531 2803 588 2888 μέν
605 2806 782 2877 συστέλλει
799 2803 841 2875 τὸ
859 2834 890 2888 A,
905 2802 991 2875 ποτέ
1008 2801 1042 2873 δὲ
1058 2802 1185 2872 ἐκτείνει

91 2916 182 2988 αι’ντὰ·
199 2917 272 2988 ἔστι
291 2915 325 2988 δέ
342 2915 424 2996 εῗῦος
441 2921 561 3017 ὀρνέου.
593 2919 800 3017 Πρὰσκειτοι
815 2932 834 2962 “
844 2918 1065 3006 ἁισῦλλαβα,”
1077 2913 1186 2998 έπειὰίι

123 3032 213 3060 Re!

93 3065 137 3105 τα
159 3063 236 3132 υτερ
259 3033 314 3105 ἁιίο
340 3033 526 3121 συλλαβὰς,
543 3033 602 3106 κείν
626 3035 772 3131 βραχείᾳ
798 3038 1069 3132 ταραλῆγονται,
1087 3033 1188 3104 ε’κτεί-

95 3179 179 3220 νουσι
195 3148 236 3221 τὸ
255 3179 288 3235 A,
304 3151 344 3226 ὡς
360 3150 414 3220 έπί
431 3156 494 3222 τοῦ
509 3147 611 3247 ἱέραξ,
629 3149 729 3247 χειρίς
751 3153 780 3222 εί
803 3152 847 3235 μὴ
869 3153 930 3222 «Aac
956 3151 1096 3222 σύνθετα
1119 3145 1188 3219 ἁτὰ

95 3269 201 3336 ἁπλοῦ
221 3266 468 3343 συστέλλοντος
490 3264 533 3338 τὸ
555 3297 588 3354 A,
605 3269 645 3343 ὡς
667 3266 721 3336 ἐπὶ
747 3272 811 3336 τοῦ
832 3263 1005 3357 Ἰπτώναξ
1026 3265 1079 3334 καὶ
1105 3263 1233 3360 ’Ap—25

96 3377 220 3477 χιὰναξ.
271 3379 404 3472 (Ταῦτα
422 3379 490 3479 γὰρ
507 3382 733 3454 συστέλλουσι
756 3378 799 3452 τῦ
819 3410 852 3464 A,
868 3378 976 3462 ἐπειδὴ
994 3378 1061 3450 ἁτὰ
1078 3382 1189 3449 ἁπλοῦ

97 3497 335 3573 συστέλλοντος
363 3496 407 3569 τὸ
437 3527 457 3568 A
484 3498 578 3582 εἰσίν,
606 3499 693 3594 φημί
724 3494 758 3566 δέ
786 3492 854 3566 ἀπὸ
884 3501 946 3566 τοῦ
974 3491 1082 3587 ἅναξ.)
1134 3491 1187 3562 Τὰ

20 3625 48 3695 55
62 3611 84 3676 b
98 3607 257 3708 ἆσφὰλαξ
277 3611 357 3710 ὑπὲρ
381 3611 435 3683 ἁιίο
464 3611 638 3700 συλλαβὰς
661 3609 709 3696 ἁν,
732 3611 784 3682 καί
810 3611 997 3682 συστέλλου
1019 3607 1062 3680 τὸ
1084 3638 1115 3690 A,
1133 3609 1188 3678 οῦκ

99 3726 265 3798 ἁντίκειται
279 3729 362 3812 ἡμῖν,
372 3726 480 3810 έπειὰὴ
492 3726 607 3822 (κατὰ)
617 3725 828 3809 πλεονασμὸν
840 3727 908 3822 ἔχει
922 3723 964 3796 τὸ
979 3755 1011 3810 ιι,
1023 3724 1075 3794 καί
1089 3724 1188 3820 φύσει

100 3842 295 3930 ἁισῦλλαβον
316 3844 419 3914 ἐστίν·
445 3841 514 3914 ἁπὰ
538 3840 606 3939 γὰρ
629 3849 692 3914 τοῦ
716 3847 792 3913 στῶ
815 3842 950 3934 γέγονεν
967 3837 1118 3933 σπὰλαξ,
1136 3837 1236 3922 καίςο

100 3955 178 4028 κατὰ
200 3955 409 4040 πλεονασμὸν
431 3964 491 4029 τοῦ
514 3987 533 4028 A
558 3954 729 4050 ἀσπάλαξ,
747 3958 799 4026 καί
825 3954 910 4027 κατὰ
936 3952 1112 4039 μετάθεσιν
1128 3959 1190 4024 τοῦ

102 4069 203 4164 (νιλοῦ
229 4073 272 4148 εἰς
296 4070 339 4143 τὸ
365 4073 582 4170 ἀντίστοιχον
606 4072 699 4156 δασὺ,
724 4069 901 4169 ἁσφὰλαξ·
938 4069 981 4143 τῦ
1008 4069 1078 4167 γὰρ
1107 4067 1189 4166 ζῶον

103 4193 196 4258 τοῦτο
219 4187 362 4277 ἁτοσπᾷ
388 4189 448 4270 τὴν
471 4196 533 4282 γῆν
557 4189 609 4259 καί
636 4198 725 4260 ποιεῖ
746 4185 863 4275 βὰθος,
884 4189 936 4258 καί
963 4185 1064 4260 οῦτιυς
1086 4183 1190 4279 εἰσέρ-

104 4333 191 4398 χεται
208 4303 277 4372 ἐκεῖ.
331 4301 537 4398 Πρὰσκειται
557 4317 576 4346 “
589 4303 658 4374 ἀπὸ
682 4307 793 4374 ἁπλοῦ
817 4305 1063 4376 συστέλλοντος
1080 4297 1122 4371 τὰ
1141 4301 1190 4382 A,”

104 4415 200 4499 ἐπειδὴ
224 4415 278 4487 ε’ἁν
304 4419 381 4488 ιῦσιν
406 4416 474 4488 ἁπὸ
500 4423 610 4490 ἁπλοῦ
634 4421 831 4495 ἐκτείνοντος
853 4417 895 4489 τὸ
921 4447 937 4487 A
961 4413 1236 4516 φυλάττουσιν35

637 4554 657 4594 ιι
674 4555 689 4594 ι·
956 4545 962 4558 ·
