2982 5022
324 309 369 376 34
619 292 820 354 ΓΕΩΡΠΟΥ
841 292 1133 356 xolponozwr
1434 295 1469 354 Κ

324 460 497 558 μεγόλαι,)
513 459 593 546 οίον,
605 459 1190 556 ΣόγγαςΣόγγαἈγλαςἈγλα.
1215 461 1425 560 Πρόσιειται
1469 449 1470 468 ί

329 591 350 625 “
358 579 461 663 μόνως
476 578 587 674 κόρια”
599 575 651 648 διὰ
664 576 707 650 τί)
718 577 819 671 γίγας
832 577 1002 670 γίγαντος,
1013 579 1066 648 καί
1079 578 1210 674 Βρίγας
1223 579 1427 676 Βρίγαντος·

328 699 436 768 ταῦτα
462 690 529 790 γὰρ
556 694 611 763 οόκ
637 693 701 764 εἶσί
727 693 830 776 μόνως
857 694 958 789 κύρια·
984 690 1106 777 τὸμὲν
1132 692 1201 789 γὰρ
1232 695 1336 788 γίγας
1355 696 1429 766 ἔστι
1470 676 1471 720 ί

330 810 382 887 καί
399 810 506 907 κόριον
530 808 582 878 καί
605 805 853 905 προσηγορικὸν
868 808 921 878 καί
938 806 1070 890 ε’θνικδν,
1087 807 1131 880 τό
1147 808 1182 880 δὲ
1200 810 1334 906 Βρίγας
1358 812 1429 882 ἔστι

235 947 314 1010 44α
331 925 438 1024 κόριον
460 922 511 994 καί
536 923 669 996 ἐθνικόν·
712 923 802 1000 ἔθνος
818 920 886 1019 γὰρ
911 925 945 993 οί
966 923 1164 1020 Βρίγαντες.
1204 925 1453 1010 Σεοημείωταις

329 1036 374 1110 τδ
400 1035 541 1131 Σόλγας
564 1035 777 1131 Σόλγαντος,
800 1043 905 1109 τοῦτο
930 1035 999 1134 γὰρ
1022 1038 1123 1121 μόνον
1139 1039 1248 1136 κόριον
1271 1071 1432 1137 περιττο-

331 1154 509 1244 συλλόβως
524 1155 643 1228 κλιθίν.

382 1271 438 1343 Τὰ
466 1274 508 1348 είς
535 1301 596 1342 m
622 1273 774 1364 λήγοντα
800 1267 880 1366 ὑπὲρ
908 1267 963 1340 δόο
990 1267 1167 1358 συλλαβὰς
1196 1269 1430 1358 ι’σοσυλλόβως

330 1389 508 1470 κλίνονται,
534 1383 603 1457 οἷον
630 1385 809 1483 Σατήργας
836 1384 1007 1481 Σατήργα,
1039 1383 1222 1482 Στροόγος
1251 1385 1431 1486 Στροιίγα,

332 1503 432 1602 χωρίς
456 1507 517 1576 τοῦ
540 1498 714 1598 Ἀκρόγας
739 1497 980 1598 Ἀκράγαντος·
1005 1500 1080 1573 ἔστι
1110 1500 1145 1573 δὲ
1173 1503 1277 1586 ὄνομα
1305 1505 1473 1580 πόλεωςιο

334 1619 496 1698 Σικελίας.

383 1733 439 1806 Τὰ
457 1737 499 1812 είς
516 1763 577 1806 τοι
594 1737 745 1827 λήγοντα
767 1731 800 1804 ἕν
816 1727 1033 1818 δισυλλάβοις
1048 1731 1101 1802 καί
1117 1729 1163 1804 τὰ
1179 1731 1260 1829 ὖτέρ
1277 1733 1335 1804 δόο
1353 1743 1434 1806 συλ-

331 1849 442 1940 λαβὰς
466 1849 611 1921 καθόλου
635 1843 868 1934 ίαοαυλλόβως
891 1847 1069 1931 κλίνονται,
1087 1843 1156 1918 οἷον
1172 1847 1292 1940 Μίγας
1318 1849 1432 1942 Μίγα,

333 1965 454 2058 Μίγας
488 1962 605 2054 Μέγα,
636 1961 814 2057 Σατήργας
848 1960 1021 2057 Σατόργα·
1069 1961 1169 2059 χωρίς
1195 1969 1259 2034 τοῦ
1290 1961 1433 2056 Σόλγας

333 2079 544 2176 Σιίλγαντος,
561 2080 614 2150 καὶ
629 2075 801 2176 Ἀκρόγας
811 2075 1056 2174 Ἀκράγαντος.
1445 2111 1475 2169 ¹5

383 2195 438 2268 Τδι
461 2199 503 2274 είς
526 2226 589 2268 Δια
610 2199 761 2289 λήγοντα
788 2192 978 2282 δισύλλαβα
997 2191 1230 2282 ι’σοουλλιίβως
1252 2197 1431 2276 κλίνονται,

330 2311 400 2384 οἷον
419 2309 533 2388 Λόδας
552 2309 663 2398 Λαίδα,
681 2309 814 2388 Κλόδας
831 2309 1062 2392 Κλόδα,”Ιδας
1080 2309 1169 2393 Ἴδα,
1188 2307 1303 2392 Λήδας
1322 2309 1430 2394 Λήδα,

331 2424 456 2556 Δέρδας
474 2421 594 2557 Δίρίια.
619 2459 682 2529 Δεῖ
695 2464 899 2556 προσθεῖναι,
913 2459 1013 2555 χωρίς
1030 2461 1059 2529 εί
1069 2459 1113 2544 μή
1127 2457 1309 2556 διφθόγγῳ
1321 2491 1432 2556 παρα-

329 2579 484 2667 λήγοιτο·
527 2571 581 2644 ε’ἆν
613 2572 681 2671 γὰρ
711 2573 892 2671 διφθόγγιρ
922 2578 1170 2670 ταραλήγοιτο,
1204 2585 1432 2670 περιττοσυλ-

328 2687 442 2778 λόβως
466 2689 642 2775 κλίνονται,
659 2693 758 2782 ήγουν
776 2687 827 2759 διδ
844 2694 905 2759 τοῦ
931 2718 984 2774 υτ,
1002 2685 1071 2759 οίον
1096 2687 1213 2765 Φείδας
1238 2689 1430 2774 Φείδαυτος,
1442 2726 1476 2764 20

329 2805 432 2883 Οίδας
454 2803 626 2889 Οίδαντος,
647 2801 690 2876 τό
713 2801 748 2874 δὲ
770 2803 897 2881 Μείδας
921 2804 980 2886 τήν
1005 2804 1131 2896 γενικήν
1153 2805 1171 2874 ὅ
1196 2803 1432 2884 Ἀπολλώνιος

329 2921 432 3015 ε’ίρηκε
462 2919 656 3002 Μείδαυτος,
685 2918 755 2989 ἐπεί
784 2918 965 3017 διφθόγγιρ
990 2923 1233 3015 παραλήγεται·
1259 2921 1335 2992 ἔστι
1361 2921 1431 3018 γᾶρ

330 3034 440 3112 Μίδας
457 3031 545 3105 ἄλλο
563 3035 646 3131 ὅπερ
668 3032 901 3122 ίαοαυλλόβως
925 3035 1079 3116 κλίνεται,
1098 3032 1176 3116 οἷον,
1194 3037 1213 3105 ὁ
1231 3035 1344 3114 Μίδας
1369 3045 1432 3110 τοῦ

328 3147 433 3220 Μίδα.

379 3263 434 3336 Τὰ
465 3269 507 3342 είς
534 3297 595 3338 m
620 3271 772 3359 λήγοντα
797 3263 877 3360 ὑπὲρ
908 3264 962 3335 διίο
989 3263 1164 3350 συλλαβὰς
1193 3267 1471 3356 ίσοσυλλόβωςι5

327 3383 483 3467 κλίνεται,
509 3379 578 3452 οίον
602 3379 745 3459 Ἀκόδας
771 3379 908 3463 Ἀκόδα,
927 3379 1115 3477 Τιμαχίδας
1132 3379 1314 3476 Τιμαχίδα,
1334 3381 1429 3454 Λεω-

329 3499 414 3578 νίδας
432 3497 588 3580 Λεωνίδα,
606 3493 791 3594 Χαρμόδας
807 3493 987 3592 Χαρμόδα.
1029 3497 1091 3566 Δεῖ
1105 3499 1308 3592 προσθεῖναι,
1326 3499 1429 3593 χωρίς

329 3619 358 3684 αι’
372 3617 417 3698 μή
434 3613 502 3685 ἀπὸ
519 3613 704 3709 βαρυτόνου
715 3615 861 3708 ῥήματος
879 3611 1046 3704 γίνωνται,
1062 3612 1163 3681 ε’κεῖνα
1180 3608 1249 3707 γὰρ
1266 3640 1429 3706 περιττο-

328 3725 506 3814 συλλόβως
539 3729 716 3809 κλίνονται,
742 3733 841 3818 ἤγουν
867 3724 918 3796 διὰ
944 3731 1006 3796 τοῦ
1033 3755 1086 3808 υτ,
1117 3723 1186 3796 οίον
1212 3723 1294 3804 οἶδα,
1322 3727 1430 3804 Οίδας

329 3841 502 3925 Οίδαντος,
535 3841 640 3924 μείδω,
672 3839 793 3917 Μείδας
827 3839 1023 3924 Μείδαντος,
1053 3837 1246 3939 χαρίζομαι,
1275 3840 1474 3938 Χαρίδας3ο

328 3955 547 4054 Χαρίδαντος,
574 3955 740 4054 φείδομαι,
756 3953 919 4052 Ἀφείδας
941 3953 1172 4053 Ἀφείδαντος.
1216 3955 1354 4028 Τοήτων
1377 3959 1431 4030 ου’-

327 4103 391 4150 τως
406 4073 559 4169 ε’χόντωυ,
577 4071 619 4143 τό
642 4079 696 4162 [ll.
714 4069 753 4140 δ’.
772 4071 840 4161 66.]

570 4221 757 4294 ὑπερκύδαντας
768 4219 898 4292 Ἀχαιοὺς,

326 4399 424 4488 ήγουν
441 4392 515 4468 τοὺς
539 4391 624 4484 ι’ίγαν
642 4389 785 4486 ἐνδόξους
805 4390 985 4474 Ἕλληνας,
1002 4395 1134 4474 μήποτε
1153 4388 1222 4462 ἀπό
1239 4392 1429 4486 βαριττόνου
