2966 5014
413 347 481 408 ΕΙΣ
502 347 558 412 ΤΟ
580 345 872 412 ONOMATIKON.
1131 340 1191 426 183

48 519 119 605 τῷ
156 513 212 596 πῖ,
235 515 318 612 ὅπερ
343 521 482 613 συνεχῶς
507 516 687 612 εὑρίσκεται
716 513 801 598 μετά
830 521 889 598 τιῖς
919 543 959 588 ος
988 509 1192 610 ἀποφάσεως

50 631 124 702 καῖ
163 639 231 714 τῆς
258 661 307 702 uu
334 631 594 728 ἀπαγορεύσεως,
625 627 694 702 οῖον
720 629 819 715 ου’ἀέν,
843 628 949 714 μηδέν·
976 629 1029 700 καί
1057 637 1078 669 “
1091 627 1191 724 χωρίς

52 753 137 820 τοῦ
156 747 232 829 ὃς,”

251 860 413 934 δςάνίάίλη
427 864 537 934 μεινάτω
549 879 591 936 με·

58 977 172 1064 (ἔστι
203 973 307 1057 ὄνομα
323 974 484 1079 ἀόριστον
501 973 710 1058 ἰσοδυναμοῦν
726 981 775 1064 τῷ
797 975 873 1062 τίς)
899 973 952 1046 καί
971 985 991 1016 “
1004 973 1104 1070 χωρίς
1127 977 1215 1060 ταῦ5

59 1093 146 1160 πᾶν
165 1091 252 1187 παρ’
264 1087 474 1174 Αίολαῖσιν,”
491 1091 540 1180 (οῖ
556 1088 624 1188 γάρ
641 1089 778 1167 Αίολεῖς
793 1095 854 1162 ποιῖ
870 1092 937 1162 πᾶν
953 1087 995 1162 τά
1010 1119 1030 1160 κ
1043 1087 1189 1160 συστελ-

60 1205 273 1300 λουσι,)καῖ
287 1205 416 1303 ’(χωρῖς
431 1211 493 1278 τοῦ
509 1206 585 1292 Δί,”
599 1207 683 1304 ὅπερ
700 1203 770 1278 ἀπά
785 1211 847 1279 τοιῖ
864 1207 931 1276 Δία
948 1205 1085 1298 γέγονεν
1101 1201 1187 1278 κατά

65 1319 270 1404 ἆπακοπάν,
291 1321 374 1418 ὅπερ
403 1322 457 1394 καί
487 1321 572 1406 μετά
599 1327 661 1396 τοῦ
682 1351 730 1394 να
757 1323 979 1419 ε’πιρράματος
1002 1322 1127 1414 γίνεται
1152 1321 1187 1404 νὴ

67 1438 161 1508 Δία.
219 1437 336 1510 Τωῖκα
351 1437 410 1522 μὲν
425 1440 458 1510 ἀν
473 1440 616 1516 ποίσοις.

118 1551 310 1636 Ἐλθωμεν
335 1553 370 1626 ἀὲ
392 1554 445 1625 καί
475 1555 611 1637 εἴπωμεν
635 1553 724 1629 ἀιατί
748 1554 792 1627 τὸ
814 1556 866 1632 τίς
891 1555 1070 1626 συστίλλει
1094 1551 1138 1627 τά
1161 1583 1186 1626 1.
1199 1579 1237 1622 10

68 1660 216 1740 Ἰστέον
240 1669 294 1741 ὅτι
320 1669 425 1767 φησῖν
448 1669 468 1738 ἀ
488 1667 722 1748 Ἀπολλώνιος
741 1671 878 1748 ἀστείως
906 1669 1186 1764 ἀπολογούμενος,

70 1783 132 1858 ὅτι
152 1781 212 1856 διὰ
227 1791 330 1858 τοῦτο
353 1783 396 1858 τὸ
412 1785 463 1862 τίς
487 1785 665 1858 συστίλλει
687 1785 730 1859 πά
749 1817 772 1870 ι,
790 1783 898 1867 ε’πειάῖη
915 1788 933 1868 ἦ
950 1785 1112 1868 σύντομος
1127 1794 1186 1870 τῖης

73 1901 225 1980 πεύσεως
249 1898 414 1998 ἀνάκρισις
438 1896 499 1972 τάν
520 1897 646 1996 μακράν
663 1901 784 1998 χρόνον
799 1907 861 1974 τοῦ
877 1931 889 1974 1
906 1906 1139 2000 πιφητῆσατο·
1165 1903 1186 1973 ά

74 2015 151 2114 γάρ
165 2015 402 2099 πυνθανόμενος
414 2015 446 2086 ε’ν
458 2016 610 2107 συντόμῳ
627 2018 713 2090 θελει
730 2023 854 2104 μαθεῖν,
871 2018 924 2090 καί
941 2019 980 2090 οιῖ
996 2017 1048 2091 διὰ
1061 2025 1188 2118 μακροῦ

76 2132 217 2230 χρόνον.
260 2130 371 2202 Ἔστι
399 2129 433 2202 δὲ
460 2134 559 2202 εἰπεῖν
583 2132 636 2204 καί
663 2134 970 2228 καταναγκαστικίην
995 2135 1185 2228 ἀπολογίαν
1198 2159 1233 2222 15

78 2247 238 2330 τοιαύτην
263 2247 338 2344 περὶ
363 2253 425 2318 τοῦ
448 2247 511 2332 τίς,
536 2246 590 2320 ὅτι
616 2248 795 2320 συστέλλει
818 2246 861 2320 πά
882 2270 906 2319 ι·
934 2247 1045 2318 ι’στίον
1062 2249 1116 2320 ὅτι
1141 2247 1185 2322 τά

78 2365 134 2442 τῖς
168 2360 389 2462 ἀναγκάζεται
424 2363 510 2460 ἔχειν
538 2364 732 2460 τριγίνιιαν,
755 2363 864 2447 ε’πειάῖη
894 2361 1069 2436 πευστικάν
1097 2363 1184 2438 ἔστί·

81 2479 129 2550 τά
155 2479 189 2552 ἀὲ
211 2479 369 2552 πευστικά
395 2479 428 2550 ἔν
452 2480 616 2578 τριγενείᾳ
643 2476 977 2577 παραλαμβάνονται,
996 2478 1065 2552 οίον
1090 2491 1186 2563 ποῖος

84 2597 165 2668 ποία
200 2605 306 2680 ποῖον,
331 2595 438 2672 πόσος
463 2595 553 2679 πόση
577 2595 698 2680 πόσον,
723 2597 859 2680 πηλίκος
888 2596 1010 2680 πηλίκη
1035 2597 1185 2681 πηλίκον,

85 2711 214 2788 πόστος
247 2711 360 2793 πάστη
393 2709 536 2795 πόστον,
574 2708 724 2788 ποδαπὸς
757 2710 891 2794 ποάαπῖη
925 2709 1088 2782 ποάαπόν·
1132 2709 1186 2781 οίί-
1196 2741 1234 2781 ιο

86 2858 150 2904 τως
174 2823 226 2898 οὖν
247 2827 299 2900 καῖ
324 2825 427 2909 ὁτίς,
453 2828 471 2908 ἦ
494 2827 557 2910 τίς,
582 2824 625 2898 τά
648 2827 694 2899 τί.
732 2824 940 2924 λΤριγίνειαν
969 2823 1005 2896 ἀί
1032 2824 1110 2920 ἔχον
1137 2827 1186 2898 εὖ·

88 2943 194 3034 λόγιος
222 2941 400 3014 συστςλλει
433 2939 476 3016 τὸ
512 2972 535 3024 ι,
561 2939 670 3024 ἐπειδὴ
702 2939 748 3014 τά
785 2943 829 3018 είς
859 2969 877 3011 x
910 2943 1061 3033 λήγοντα
1098 2938 1183 3023 μετά

90 3056 236 3153 ἀιχράνου
262 3056 420 3152 ἀποβολῇ
442 3064 503 3130 τοςῖ
528 3087 546 3130 ι
571 3055 614 3132 τά
635 3057 805 3154 οιίάίτερον
821 3062 979 3128 ποιοῦντα
1002 3065 1185 3129 συνεσταλ-

92 3173 181 3254 μένον
196 3173 263 3268 ἔχει
279 3168 323 3243 τά
339 3170 502 3269 δίχρονον,
519 3171 623 3246 οίονά
648 3173 855 3268 λιπότατρις
879 3170 921 3244 τὸ
945 3172 1146 3270 λιπάπαπρι,
1163 3175 1183 3245 ὁ

95 3290 277 3388 φυγότολις
304 3285 349 3360 τά
374 3288 561 3386 φυγάπολι,
583 3289 603 3360 ὁ
628 3285 747 3385 ἀχαρις
771 3287 816 3360 τά
842 3287 993 3386 ἅχαρι,ὁ
1016 3289 1120 3385 παχὺς
1140 3289 1182 3363 τά
1195 3319 1230 3380 α5

95 3405 219 3503 ταχίι,ὁ
243 3403 365 3503 βραδὺς
389 3403 432 3478 τά
458 3402 573 3502 βραδὺ,
590 3406 610 3476 ὁ
633 3404 738 3498 μίγας
755 3403 797 3476 τὸ
814 3405 914 3498 μίγα·
943 3402 1043 3481 οὕτως
1060 3403 1182 3476 οὖνκαὶ

96 3523 171 3598 ὀτίς
185 3522 234 3592 καί
249 3521 292 3596 τά
308 3523 345 3594 τί
360 3519 412 3594 ἀιά
429 3520 690 3603 συνεσταλμένου
705 3525 768 3592 τοῦ
785 3550 809 3592 ι.
841 3518 947 3591 Ὀθεν
963 3516 1008 3590 τά
1026 3520 1069 3595 εἰς
1087 3547 1119 3588 ιτ
1136 3517 1183 3590 τά

97 3639 207 3733 ἔχοντα
217 3638 433 3734 Ιίκτεϊαμίνον
449 3632 492 3708 τά
510 3665 521 3706 ι
540 3636 577 3706 οὖ
597 3641 729 3706 ποιοῦσι
755 3635 948 3732 τριγίνειαν,
966 3628 1036 3703 οῖον
1052 3632 1071 3702 ὁ
1088 3663 1185 3705 τανυ-

99 3757 209 3848 κρῆπις,
225 3753 242 3822 ὁ
259 3756 451 3849 μελανῆφις.
503 3749 621 3822 Ταῦτα
638 3750 696 3832 μὲν
712 3752 745 3822 ἕν
761 3750 903 3828 τούτοις.

142 3867 260 3940 Ἰστίον
286 3865 321 3938 ἀὲ
349 3866 403 3938 ὅτι
429 3861 557 3937 πολλαί
588 3865 724 3962 ἀπορίαι
751 3866 913 3963 φίρονται
936 3863 1012 3962 περί
1036 3871 1098 3936 τοιῖ
1120 3866 1181 3944 τίς·
1192 3893 1232 3951 30

103 3986 200 4080 ἔχουσι
223 3980 255 4052 ἀὲ
279 3980 390 4059 οὕτως.
441 3980 491 4053 Εἰ
505 3979 570 4078 ἀρα
587 3978 631 4054 τά
649 3984 692 4058 είς
710 4011 743 4053 ις
759 3980 805 4053 τὰ
831 3979 883 4053 διὰ
906 3985 969 4054 τοῦ
992 4011 1055 4052 uox
1075 3981 1184 4053 κλινό·

104 4129 171 4180 μινα
193 4097 322 4174 ἅπαντα
347 4094 570 4181 ἀιιιατάληκτα
593 4096 687 4182 α’σίν,
711 4094 782 4170 αῖον
803 4097 898 4174 ἀκτίς
923 4097 1052 4173 ἀκτῖνος
1078 4095 1182 4181 ἀκτῖν,

106 4213 203 4311 δελφίς
238 4211 393 4310 δελφῖνος
434 4211 562 4310 ἀελφῖν,
598 4212 750 4298 Σαλαμίς
785 4213 975 4296 Σαλαμῖνος
1018 4211 1183 4296 Σαλαμῖν,

107 4327 234 4407 Ἐλευσὶς
266 4327 456 4407 Ἐλευσῖνος
488 4328 656 4413 Ἐλευσῖν,
685 4327 812 4426 Τελχῖς
845 4329 1010 4425 Τελχῖνος
1044 4325 1183 4423 Τελχίν,

35 4441 258 4541 ιοάείΤιλχῖνες
287 4444 322 4518 ἀὲ
356 4447 436 4520 είσῖν
466 4445 611 4531 δαίμονες
645 4449 832 4529 οἰκήσαντες
864 4445 924 4528 τὴν
955 4441 1103 4536 Ῥόάαν,)
1133 4444 1230 4538 ῥίςςς
