2972 5014
414 323 482 382 ΕΙΣ
503 323 559 382 ΤΟ
582 321 874 382 ΟΝΟΜΑΤΙΙΙΟΝ.
1131 333 1193 399 341

80 492 219 563 Πυθῶν
236 490 400 574 Πυθῶνος,
427 488 534 564 Σιδῶν
557 488 708 574 Σιδῶνος,
726 487 884 586 Πλευρῶν
902 487 1104 586 Πλευρῶνος,
1118 487 1198 558 ’Κα-

77 606 200 678 λυδῶν
216 605 421 688 Καλυδῶνος,
435 604 585 689 Ἀμυδῶν
596 603 792 689 Ἀμυδῶνος·
809 601 852 674 τό
870 601 939 700 γὰρ
953 601 1198 686 Λακεδαίμονος

78 729 155 794 τοῦ
184 725 298 794 όπλοιῖ
320 723 429 793 κλίσιν
448 717 605 818 ἐφύλαξε,
630 721 721 813 λέγω
748 717 785 802 δὴ
815 725 877 790 τοῦ
899 718 1019 802 δαῖμιαν
1036 718 1196 804 δαίμονας,

83 839 145 910 καῖ
163 839 288 910 τούτου
302 835 401 936 χάριν
418 834 469 910 διῖι
486 843 549 909 τοῦ
565 869 584 908 α
603 837 724 919 ἐκλίθη.
777 832 833 906 Τὰ
859 833 894 906 δὲ
919 837 962 912 εἷς
988 865 1032 906 nn
1058 833 1196 928 ὁξύιανα

87 951 231 1038 θηλυκὰ,
256 954 300 1038 μη
327 953 408 1026 ὄντα
435 953 489 1024 ἕπῖ
515 953 654 1036 πόλεων,
671 949 831 1048 πρέπουσι
848 949 891 1023 πδ
910 981 931 1021 α
949 953 991 1027 εἰς
1007 947 1050 1022 τό
1068 981 1087 1020 α
1105 951 1138 1020 ἐν
1153 956 1222 1044 τῇ5

88 1075 217 1164 γενικῇ,
234 1069 303 1141 οῖον
319 1069 488 1163 πλαγγῶν
504 1068 710 1161 πλαγγόνας,
737 1065 875 1164 χελιδῶν
898 1065 1076 1163 χελιδόνος,
1094 1063 1197 1149 ἀηδῶν

88 1183 241 1272 ἀηδόνος,
270 1183 401 1284 πρυγῶν
429 1184 600 1282 τρυγόνος,
626 1182 714 1255 εἰκῶν
743 1183 871 1265 εἰκόνας,
898 1182 1014 1254 σινδιδν
1040 1182 1197 1270 σινδόνος,

88 1302 212 1396 λαγῶν
237 1301 394 1396 λαγόνος,
411 1302 492 1399 χιιδν
521 1301 641 1398 χιόνας,
660 1299 786 1392 σιαγῶν
803 1299 970 1392 σιαγόνας,
988 1299 1112 1371 ἀλκυιδν
1136 1303 1198 1370 ιῖλ·

90 1418 217 1502 κυόνας,
232 1415 390 1518 Ἀμαζῶν
405 1414 604 1517 Ἀμαζόνας.
654 1414 774 1506 Τούτῳ
797 1421 846 1506 τῷ
867 1414 962 1508 λόγῳ
978 1417 1031 1488 καῖ
1048 1414 1091 1488 τδ
1108 1416 1198 1513 χθῶν

36 1577 72 1618 a
91 1533 218 1632 χθανδς
241 1535 357 1634 πρέπει
386 1531 429 1604 πδ
455 1563 477 1604 α
504 1535 546 1610 εἷς
575 1529 618 1604 πδ
646 1565 665 1604 o
692 1533 725 1604 ἕν
746 1538 790 1626 τῇ
810 1538 928 1627 γενικῇ,
946 1532 998 1603 καὶ
1023 1531 1105 1605 αύτδ
1128 1530 1246 1631 γδρηο

94 1649 253 1744 ὀξύιανόν
282 1651 355 1722 ἔστι
382 1651 435 1720 καῖ
462 1649 609 1732 θηλυκόν.
661 1648 885 1731 Σημειούμεθα
918 1647 952 1720 δὲ
981 1650 1014 1720 ἐν
1042 1659 1114 1727 τοῖς
1142 1648 1198 1719 ἐπὶ

94 1767 226 1839 πόλεων
241 1763 284 1838 τὸ
302 1765 480 1837 Ὀλασσῶν
494 1765 706 1842 Ὀλασσόνος
728 1767 783 1858 [ΙΙ.
801 1763 848 1851 β’.
868 1767 957 1856 739.]

259 1893 339 1946 πόλιν
350 1889 502 1946 ὀλασαόνα
514 1889 616 1960 λευκὴν,

94 1995 150 2066 καῖ
167 1993 331 2078 Ἀνθηδῶν
347 1992 553 2078 Ἀνθηδόνος·
578 1997 686 2065 ταῦτα
704 1991 772 2089 γὰρ
789 1991 941 2089 ἔτρεψαν
958 1993 1000 2065 τὸ
1019 2025 1039 2065 α
1058 1998 1100 2072 εἰς
1115 1993 1159 2066 τὸ
1177 2027 1196 2066 α

96 2113 131 2183 ἐν
148 2115 191 2206 τῇ
208 2117 323 2205 γενικῇ.
375 2111 438 2181 Δεῖ
452 2115 644 2208 προσθεῖναι
667 2109 720 2179 καῖ
741 2111 850 2191 εἰπεῖν,
868 2109 920 2180 ὅτι
947 2111 999 2181 καῖ
1026 2111 1090 2182 ὅσα
1117 2113 1221 2190 εῖσῖνι
1227 2147 1245 2208 5

97 2227 155 2296 ε’πῖ
171 2226 297 2296 πόλεων
314 2229 356 2303 εἰς
382 2256 446 2297 Anu
464 2233 513 2317 τῷ
538 2255 561 2296 n
578 2223 850 2322 παραληγόμενα,
867 2226 1025 2322 τρέπουσι
1049 2224 1093 2296 πὸ
1111 2257 1131 2296 α
1155 2229 1198 2305 εἷς

99 2340 144 2413 πδ
179 2373 196 2412 α
227 2343 258 2412 ἕν
286 2348 328 2436 τῇ
364 2348 482 2437 γενικῇ,
517 2339 587 2414 αῖον
618 2339 755 2424 Ἰσηδιδν
786 2339 960 2422 Ἰσηδύνος,
995 2339 1198 2424 Ἀσπληδῶν

100 2456 341 2541 Ἀσπληδόνος,
375 2458 548 2556 Σιερηδιδν
586 2456 799 2555 Σιερηδόνας,
838 2457 1023 2555 Καρχηδῶν
1058 2458 1199 2556 Καρχη-

102 2572 203 2660 δόνος,
221 2577 253 2664 (ἡ
270 2575 303 2644 ἐν
318 2581 362 2668 τῇ
381 2573 517 2668 Λιβύη)
536 2573 725 2671 Καλχηδῶν
743 2571 970 2669 Καλχηδόνος,
985 2573 1019 2665 (ἦ
1032 2573 1117 2645 κατὰ
1131 2575 1199 2645 Βυ-

103 2686 261 2790 (cimon)
299 2689 368 2774 ἥτις
400 2691 452 2761 καῖ
487 2689 671 2774 Χαλκηδιδν
704 2699 864 2761 καλεῖται·
910 2691 1096 2788 εὑρίσκομεν
1128 2687 1247 2789 γὰρηο

102 2805 361 2902 διαφορουμένων
378 2805 641 2903 (διφαραυμόνην)
658 2807 719 2889 τὴν
735 2814 864 2903 χρῆσιν.
908 2804 994 2876 Ἔτι
1021 2803 1069 2875 δεῖ
1089 2837 1198 2904 πρασ-

103 2925 211 3005 θεῖναι,
227 2921 279 2991 καῖ
297 2921 397 3020 χωρὶς
412 2928 474 2992 τοῦ
487 2921 644 3020 Ἐρμηιδν
661 2921 838 3020 (Ἑρμιιδν)
853 2921 1050 3020 Ἑρμηόνος,
1067 2924 1120 2994 καῖ
1136 2930 1199 2995 ποῶ

103 3035 205 3106 Ἠϊιῖιν
228 3035 373 3112 Ἠϊόνας·
402 3037 454 3106 καῖ
487 3043 594 3108 ταῦτα
623 3036 691 3135 γὰρ
717 3038 864 3121 ὀνόματα
895 3038 957 3108 εἶσὶ
984 3037 1123 3124 πόλεων,
1144 3040 1198 3111 καῖ

102 3151 259 3250 πρέπουσι
276 3149 319 3222 τὸ
336 3181 357 3222 α
375 3154 418 3229 εἷς
433 3151 476 3225 τό
501 3153 570 3224 αὲν
585 3159 628 3249 τῇ
648 3160 765 3248 γενικῇ.
810 3151 896 3225 Ἔτι
923 3151 971 3224 δεῖ
993 3161 1199 3252 προσθεῖναι,

102 3269 154 3339 καῖ
183 3269 281 3366 χωρὶς
306 3275 369 3340 τοῦ
398 3269 486 3340 Βιῶν
513 3269 641 3348 Βιόνας“
683 3271 734 3342 καῖ
769 3267 851 3342 αύτδ
885 3269 953 3366 γὰρ
987 3272 1089 3354 ὄνομα
1123 3274 1245 3368 ἕσπῖα5

103 3384 237 3468 πόλεως,
253 3385 306 3455 καῖ
322 3385 436 3484 πρέπει
453 3383 497 3456 τό
514 3415 535 3456 α
555 3389 597 3463 εἰς
612 3385 657 3457 πό
674 3417 693 3456 α
711 3387 744 3457 ἐν
760 3392 803 3481 τῇ
821 3392 938 3480 γενικῇ.
988 3385 1052 3456 Ἐν
1069 3384 1103 3456 δὲ
1127 3398 1199 3465 ταῖς

103 3499 265 3594 όξυτόναις
280 3510 352 3578 τοῖς
364 3501 554 3585 σημαίνουσι
568 3502 669 3574 πόλιν
681 3501 729 3574 δεῖ
743 3504 988 3586 σημειώσασθαι
1001 3498 1044 3572 τό
1056 3499 1200 3584 μελιδιδν

103 3614 276 3700 μελεδῶνας
307 3615 360 3687 καῖ
393 3615 436 3688 τό
469 3615 618 3715 πυφεδῶν
650 3617 844 3716 τυφεδῶνας·
887 3623 994 3688 ταῦτα
1028 3613 1096 3714 γὰρ
1126 3613 1200 3712 ὀξύ·

104 3763 184 3805 πονο
213 3733 293 3805 ὄντα
323 3734 374 3804 καὶ
398 3734 442 3817 μὴ
468 3735 550 3806 ὄντα
575 3735 629 3805 ε’πῖ
653 3736 781 3806 πόλεων
804 3731 974 3832 ἐφυλαξαν
995 3731 1038 3805 τό
1058 3763 1080 3805 α
1104 3734 1137 3805 ἐν
1156 3740 1201 3831 τῇ

107 3855 220 3944 γενικῇ·
246 3849 320 3948 περὶ
341 3851 382 3920 ῶν
407 3851 499 3921 ἐστιν
528 3851 637 3934 εἰπεῖν,
663 3851 718 3922 ὅτι
743 3857 851 3922 ταῦτα
875 3845 1029 3932 ποιητικά
1054 3853 1130 3937 εἶσι,
1146 3851 1199 3922 καῖ
1209 3889 1248 3949 30

108 3963 158 4036 διὰ
173 3963 215 4036 πῶ
231 3967 353 4063 μέτρον
370 3971 544 4050 ποιητικῶς
566 3965 618 4037 διὰ
642 3972 705 4038 τοῦ
721 3997 742 4038 α
761 3967 927 4059 ἐγένοντο,
945 3964 1052 4050 ἐπειδὴ
1070 3965 1122 4038 διὰ
1138 3973 1201 4040 τοῦ

108 4079 202 4152 οῖδα
221 4079 365 4179 γράφειν
381 4079 476 4154 αύνό.
514 4081 622 4154 Ἐστι
641 4081 675 4154 δὲ
691 4079 839 4180 τυφεδῶν
855 4080 913 4165 μὲν
931 4086 949 4164 ἦ
969 4089 1089 4160 καῦσις·
1104 4091 1201 4167 μελε-

108 4197 167 4268 δῶν
182 4195 217 4268 δὲ
232 4199 251 4278 ἦ
267 4198 418 4293 φροντίς.

157 4323 177 4355 “
188 4311 241 4406 Τῇ
258 4316 408 4410 τρήρωνι,
424 4317 466 4407 τῇ
483 4313 624 4399 Πυθῶνι,
641 4319 683 4408 τῇ
700 4314 849 4410 τρυγόνι.
882 4313 953 4396 Τὴν
968 4315 1129 4409 τρήρωνα,
1140 4311 1201 4395 την

101 4421 257 4517 ῘΠυθῶνα,
275 4428 334 4512 τὴν
350 4430 506 4526 τρυγόνα.
551 4427 598 4498 Ὦ
613 4433 752 4527 τρόμων,
768 4431 794 4501 ‘3
811 4429 940 4512 Πυθώνι
957 4428 1158 4528 ὣτθυΎῶν·”
1211 4463 1248 4525 35
