2954 5020
19 363 40 402 ι.
49 338 82 402 α’.
406 340 473 400 ΕΙΣ
493 339 549 400 ΤΟ
572 337 864 398 ΟΝΟΜΑΤΙΙΙΟΝ.
1144 331 1184 412 85

139 509 193 580 Τὰ
221 511 263 586 εἰς
287 537 330 580 ιιι
354 513 519 601 λὴγοντα,
539 507 780 595 μονοσύλλαβα
806 505 865 589 μὲν
887 505 979 586 ὄντα,
1005 502 1057 576 διὰ
1080 509 1142 576 τοῦ
1161 531 1184 572 ιι

92 627 268 723 προσθέσει
295 631 357 696 τοῦ
381 653 420 695 οι
445 629 576 696 ποιοῦσι
593 624 654 706 τὴν
671 623 805 716 γενικὴν,
823 618 892 694 οἷον
909 621 970 717 θὴρ
988 617 1097 716 θηρὸς,
1114 617 1189 716 φὴρ

92 741 194 843 φηρός
212 741 246 832 (ὁ
262 741 458 838 κένταυρος,)
483 743 537 832 [ΙΙ.
555 738 596 810 α’.
616 741 705 827 268.]

331 858 432 930 φηρσὶν
445 856 626 930 ὀρεσκέοοισιν.

92 973 160 1069 Σὴρ
186 968 306 1068 Σηρός,
325 969 443 1065 (Σῆρες
461 967 496 1039 δὲ
511 968 591 1039 εἶσὶν
611 969 711 1048 ἔθνος,
729 967 803 1038 ὅθεν
820 963 937 1063 σηρικὰ
953 962 998 1037 τὰ
1015 969 1212 1046 πολυτελῆ5

91 1085 232 1182 ι’μέτια,)
248 1087 302 1156 καὶ
318 1085 361 1158 τὸ
379 1084 516 1169 θηλυκὸν
532 1082 567 1154 δὲ
582 1081 625 1154 τὸ
637 1084 707 1179 κὴρ,
725 1081 744 1153 ὃ
761 1083 905 1166 σημαίνει
919 1082 979 1163 τὴν
996 1078 1188 1177 θανατηφό-

91 1231 145 1296 ρον
161 1210 294 1298 μοῖραν,
310 1201 490 1296 προσθέσει
508 1205 570 1270 τοῦ
587 1229 626 1270 οι
650 1207 740 1269 ποιεῖ
761 1198 821 1280 τὴν
844 1197 980 1289 γενικὴν,
997 1193 1066 1266 οἷον
1082 1194 1186 1294 κηρὸς,

92 1317 205 1398 ὁμοίως
230 1326 304 1393 τοῖς
330 1317 571 1413 προειρημένοις
596 1317 638 1390 εἷς
666 1343 710 1385 ιιι
741 1310 993 1401 αονοσυλέβοις,
1020 1309 1059 1405 ἐξ
1084 1313 1122 1382 ού
1144 1308 1187 1382 τὸ

92 1431 179 1528 παρὰ
196 1439 248 1523 τῷ
264 1438 387 1524 ποιητῇ

335 1565 459 1638 μάρτυροι
676 1643 679 1652 .
1203 1579 1238 1618 10

91 1643 240 1742 μάκαρες,

469 1739 515 1798 οὓς
528 1741 563 1810 μὴ
576 1743 650 1813 κῆριι
663 1742 726 1807 ἔβαν
740 1741 861 1795 θανάτοιο
874 1741 1013 1814 φέρουσαι,

92 1879 192 1943 τοῦτο
210 1873 339 1965 γίνεται
357 1871 410 1942 καὶ
426 1867 524 1967 καρὸς
540 1872 573 1940 ἐν
589 1875 741 1963 συστολῇ
758 1875 819 1940 τοῦ
836 1899 859 1940 ιι
876 1871 919 1946 εἰς
939 1899 970 1952 ι,
987 1868 1066 1952 οῖον,

334 2005 381 2060 τέο
394 2003 424 2060 δέ
435 2026 480 2074 μιν
493 2005 522 2059 έν
534 2004 611 2074 καρὸς
624 2000 695 2072 αἴση.

88 2113 180 2186 Ἔδει
198 2113 283 2186 αὐτὸ
300 2117 340 2192 ὡς
362 2118 405 2192 εἷς
430 2143 473 2186 ιιι
495 2112 533 2185 έν
551 2117 690 2195 θηλυκῶς
705 2111 797 2209 κερός
821 2114 999 2196 κλένεσθαι,
1017 2112 1107 2184 ἀλλὰ
1130 2119 1191 2200 μὴ·
1205 2149 1237 2210 ¹5

96 2263 177 2306 ποτε
193 2237 236 2311 ὡς
251 2231 510 2316 μονοσύλλαβον
531 2225 678 2325 ἐφύλαξε
697 2225 740 2298 τὸ
765 2251 797 2296 ιι·
824 2228 901 2298 ἀλλ’
920 2230 976 2298 ούκ
1000 2229 1092 2301 ἔστιν
1109 2230 1191 2315 αὕτη

96 2349 312 2441 ὴᾶπολογέα·
338 2347 523 2443 εὑρίσκομεν
541 2341 609 2439 γὰρ
633 2344 665 2414 έν
685 2351 757 2419 τοῖς
779 2344 822 2418 εἰς
848 2372 892 2414 οιι
914 2343 1093 2440 ἆρσινικοΐς
1119 2347 1192 2418 ὀνό-

96 2494 203 2547 μασιν,
222 2463 277 2533 ὅτι
295 2458 506 2558 φυλάττουσι
529 2455 571 2530 τὸ
595 2488 616 2528 ο
642 2459 673 2528 έν
695 2463 739 2550 τῆ
762 2465 879 2552 γενικῇ,
895 2457 940 2530 τὰ
964 2457 999 2530 δέ
1016 2457 1136 2544 θηλυκὰ
1155 2464 1192 2533 ού

97 2577 335 2674 φυλάττουσιν·
362 2578 453 2648 ἔστιν
470 2577 489 2646 ὁ
506 2575 597 2672 χθὼν
612 2579 673 2644 τοῦ
688 2572 817 2670 χθονὸς,
834 2576 908 2647 ἔστι
926 2575 977 2646 καὶ
994 2579 1011 2659 ὴ
1029 2577 1118 2673 χθιὴν
1133 2586 1192 2662 τῆς

98 2693 225 2790 χθονὸς,
243 2693 295 2764 καὶ
312 2693 455 2764 κλίνεται
472 2689 530 2774 μέν
543 2687 595 2760 διὰ
611 2694 674 2760 τοῦ
697 2717 727 2770 ο,
745 2689 852 2772 ἐπειδὴ
872 2691 925 2762 καὶ
949 2693 1086 2774 θηλυκόν
1105 2693 1190 2766 ἐστι·
1203 2714 1240 2753 20

97 2810 144 2879 καὶ
161 2807 268 2880 πάλιν
285 2809 318 2880 έν
333 2817 404 2884 τοῖς
421 2810 463 2883 εἰς
481 2835 527 2877 nu
545 2806 722 2903 ἀρσενικοῐς
747 2805 886 2888 ὀνόμασι
912 2803 1123 2902 φυλάττεται
1149 2807 1193 2881 τὸ

34 2929 120 3010 67bn
136 2925 190 2994 ἐπὶ
208 2931 268 3005 τῆς
286 2929 419 3015 γενικῆς,
435 2922 468 2992 έν
490 2918 524 2991 δὲ
543 2929 614 2996 τοῖς
637 2923 784 3003 θηλυκοῖς
809 2921 967 3017 τρέπεται
989 2924 1032 3000 οἷς
1056 2953 1086 3006 ι,
1105 2925 1193 3022 φρὴν

99 3040 227 3135 φρενός.

143 3152 200 3226 Τὰ
219 3152 256 3224 δέ
271 3153 351 3248 ὑπὲρ
367 3153 443 3237 μίαν
460 3153 633 3240 συλλαβὴν
652 3154 695 3229 εἰς
718 3181 761 3224 ιιι
783 3157 944 3246 λήγοντα,
963 3158 993 3228 εἶ
1006 3156 1064 3239 μὲν
1078 3158 1192 3255 ἔχουσι

97 3267 136 3340 τὴ
152 3299 181 3351 τ,
199 3265 416 3366 φυλάττουσι
432 3266 475 3341 τὸ
494 3297 516 3338 ιι
536 3269 570 3338 έν
592 3274 636 3362 τῆ
660 3273 779 3361 γενικῆ,
797 3265 866 3340 οἷον
881 3271 1005 3367 λουτὴρ
1022 3280 1192 3368 λουτῆρος,
1204 3303 1239 3363 25

98 3386 253 3481 κομπτὴρ
282 3391 483 3481 καμπτῆρος,
513 3384 635 3481 ὄλετὴρ
665 3385 832 3481 ὀλετῆρος,
861 3384 987 3482 ξυστὴρ
1021 3384 1194 3484 ξυστῆρσι,

99 3501 207 3598 σωτὴρ
226 3507 384 3594 σωτῆρος,
402 3498 536 3594 γενετὴρ
563 3507 748 3598 γενετῆρος,
768 3501 891 3598 έλατὴρ
916 3503 1087 3600 ἐλατῆρος,
1105 3503 1194 3594 (ἔστι

100 3613 131 3686 δέ
152 3614 238 3692 εἶδος
262 3618 475 3690 πλακοῦντος·
499 3615 644 3696 σημαίνει
668 3612 702 3684 δὲ
724 3613 777 3684 καὶ
799 3611 860 3686 τὴν
880 3615 1020 3712 ἡνίοχον,
1037 3615 1129 3714 παρὰ
1151 3615 1195 3690 τὸ

98 3730 263 3824 ελαύνειν.)
297 3729 361 3799 Δεῖ
375 3731 579 3826 προσθεῖναι,
596 3729 697 3826 χωρὶς
707 3737 769 3802 τοῦ
785 3732 897 3828 πατὴρ
914 3731 1069 3828 πατέρος,
1086 3733 1196 3832 ἀστὴρ

100 3844 253 3944 ἀστέρος,
278 3850 387 3916 τούτο
415 3841 484 3940 γὰρ
504 3844 627 3940 έχοντα
650 3843 693 3916 τὸ
714 3875 733 3916 τ
754 3847 914 3942 τρέπουσι
939 3843 981 3918 τὸ
1008 3877 1031 3917 u
1055 3850 1097 3926 εἰς
1121 3879 1141 3922 ιι
1164 3852 1244 3940 ε’νηο

101 3967 139 4054 τῆ
156 3965 278 4056 γενικῆ.
312 3957 362 4028 Εἰ
378 3955 411 4030 δέ
427 3958 472 4040 μὴ
488 3958 601 4054 έχουσι
618 3957 661 4030 τιὴ
678 3989 707 4042 τ,
728 3961 889 4057 τρέπουσι
906 3960 948 4034 τὸ
967 3991 990 4034 ιι
1007 3967 1051 4042 εἰς
1067 3963 1109 4038 τὸ
1128 3968 1198 4038 ιιέν

102 4080 142 4167 τῆ
158 4081 281 4168 γενικὴ,
296 4071 365 4146 οἷον
382 4074 478 4172 αι’θὴρ
495 4074 635 4171 αἰθέρος,
654 4073 734 4172 δαὴρ
752 4074 875 4173 θαέρος,
893 4077 926 4168 (ὁ
944 4077 1197 4180 ιἰνθρέὸελφος,)

104 4189 177 4287 ἁνὴρ
208 4191 329 4289 ἀνέρος,
355 4190 455 4288 χωρὶς
480 4195 543 4262 τοῦ
568 4192 710 4288 σπινθὴρ
739 4197 927 4290 σπινθῆρος,
952 4194 1004 4265 καὶ
1035 4195 1199 4294 Ἐλευθὴρ

102 4302 309 4403 Ἐλευθῆρος,
333 4305 421 4396 (ἔστι
447 4303 482 4376 δέ
506 4305 609 4389 ὄνομα
634 4307 766 4404 κύριον)
792 4315 898 4380 ταῦτα
921 4308 989 4408 γὰρ
1010 4312 1055 4394 μὴ
1076 4313 1200 4409 ἔχοντα

105 4417 145 4490 τὸ
161 4451 180 4492 τ
197 4417 368 4518 ἐφύλαξαν
384 4419 426 4494 τιὴ
445 4450 467 4492 ιι
485 4423 516 4494 ἐν
532 4427 576 4516 τῆ
592 4429 709 4516 γενικῆ.
1210 4458 1246 4518 35
