2982 5022
393 305 460 366 ΕΙΣ
482 306 537 366 ΤΟ
559 305 850 366 ONOMATIKON.
1122 311 1168 382 35

73 472 214 564 ῥήματος
236 471 338 554 ἐστίν,
359 469 439 558 οίον,
464 471 533 545 ἇτδ
556 479 619 545 τοῦ
642 471 773 546 κυδαίνω
796 479 859 544 τοῦ
881 472 1096 556 σημαίνοντος
1120 468 1163 541 τὸ

74 581 195 684 δοξάζω
212 587 332 680 γέγονε
346 585 478 666 κυδᾶνας
493 585 693 671 κυδύναντος,
706 589 758 659 καί
775 585 860 659 κατὰ
873 587 1053 680 συγκοπήν,
1066 588 1168 683 ύτερ·
1197 641 1210 652 -

72 699 231 779 κύδοντας.
260 701 413 797 Λέγουσι
430 703 521 788 τινὲς,
535 705 591 777 ὅτι
607 706 640 776 ἔν
655 715 728 781 τοῖς
743 703 998 800 Ἐτιμερισμοῖς
1014 704 1033 772 ὁ
1048 701 1168 798 Ἡρα-ν

74 813 170 894 διανδς
185 819 279 912 λέγει
306 819 360 891 ὅτι
380 825 508 919 μετοχή
533 822 618 894 ἔστι·
644 822 736 914 λε’γει
755 818 823 916 γὰρ
840 819 894 891 ὅτι
920 818 994 890 ε’στί
1020 817 1163 899 κυδαίνω,

72 933 286 1029 ύτερκυδαίνιο,
312 934 454 1020 ε’κύδανα,
471 934 611 1020 κυδιίνας,
634 934 856 1034 ύτερκνδιίνας,
877 932 1187 1031 ύτερκυδάναντος,5

71 1049 119 1117 καί
144 1049 232 1122 κατὰ
261 1053 430 1144 συγκοτήν
458 1052 699 1151 ὑπερκύδαντας·
735 1056 767 1124 ἐν
796 1052 831 1124 δὲ
856 1059 905 1143 τῷ
927 1053 1161 1141 Ὀνομαστικῷ

72 1165 303 1262 (Ὀνοματικῷ)
315 1167 408 1260 λε’γει
424 1169 493 1260 (ὅτι
507 1168 609 1254 ὄνομά
626 1172 726 1266 ε’στι),
739 1170 792 1240 καί
805 1170 937 1254 μᾶλλον
950 1169 1052 1250 ὄνομα
1067 1165 1163 1248 δηλοῖ

72 1277 142 1372 (δεῖ)
157 1282 270 1375 λε’γειν
292 1281 373 1354 αύτό
391 1285 481 1381 ε’ίπερ
501 1290 610 1383 (ήτιερ)
622 1288 778 1383 μετοχήν,
799 1289 828 1358 εί
852 1284 923 1383 γὰρ
941 1286 974 1354 ἐν
998 1289 1046 1373 τῷ
1065 1281 1162 1352 Ὀνο-

71 1405 213 1488 μαστικῷ
231 1399 334 1484 ὄνομα
349 1401 442 1494 λέγει
460 1399 551 1483 acab,
576 1404 608 1472 ἐν
633 1400 668 1472 δὲ
691 1412 763 1478 τοῖς
788 1403 987 1498 ἐπιρρήμασι
1005 1399 1166 1488 (Ἔίιτιμε-ι

70 1519 208 1608 ρισμοΐς)
225 1517 383 1612 μετοχὴν,
405 1515 453 1587 δεῖ
471 1517 563 1608 ἐντῷ
579 1517 810 1609 Ὀνομαστικῷ
833 1519 966 1599 μᾶλλον
989 1517 1158 1596 πεισθῆναι
1172 1546 1208 1586 ιο

19 1647 39 1714 ι5
51 1627 144 1700 ιαύτδ
169 1631 263 1728 ε’ίιτερ
283 1631 383 1722 (αύτῷ
401 1637 498 1728 ήτερ)
515 1634 547 1702 ἒν
563 1643 635 1709 τοῖς
651 1631 917 1730 Ἐτιμεριιτμοῖς.
954 1631 999 1699 ‘O
1015 1629 1073 1712 μὲν
1091 1627 1159 1727 γὰρ

72 1743 306 1828 Ὀνομαστικδς
340 1747 554 1841 ὡμολόγηται
593 1748 647 1820 ὅτι
678 1747 881 1846 Ἠριυδιανύς
927 1745 1161 1844 (Ἠραδιανοῦ)

70 1861 165 1932 ἔστιν·
183 1863 219 1932 οί
240 1860 276 1932 δὲ
291 1859 529 1960 Ἐτιμερισμοί
552 1865 608 1934 ούκ
628 1864 693 1935 είσί
714 1859 834 1941 πάντες
848 1861 1062 1961 Ἠριδανοῦ,
1081 1862 1160 1932 ἀλλ’

70 1977 135 2047 ίατι
152 1975 435 2077 ψευδεπίγραφον
451 1978 529 2069 (εἶσι
547 1977 847 2078 ψευδεπίγραφοι).

115 2091 169 2163 Τὰ
193 2097 238 2170 είς
266 2123 305 2166 ιι
326 2099 479 2188 λήγοντα
503 2097 626 2194 ἔχοντα
646 2095 714 2195 τρὸ
731 2101 824 2168 τοῦκ
842 2096 927 2166 ἕντι
945 2101 1010 2166 τῶν
1027 2093 1159 2176 διπλῶν,
1174 2111 1206 2172 ¹5

73 2207 299 2298 ι’σοσνλλιίβιος
327 2211 504 2283 κλίνονται.
560 2215 677 2283 Διτλᾶ
711 2211 746 2283 δέ
779 2211 841 2282 είσι
871 2211 960 2308 τρία,
996 2239 1025 2294 z,
1061 2237 1093 2292 ε,
1129 2241 1159 2282 ν.

66 2322 244 2396 Ἔστωσαν
260 2324 294 2396 δὲ
307 2325 562 2423 παραδείγματα
575 2335 637 2399 τοῦ
648 2329 779 2405 κανόνος
794 2333 912 2410 ταῦτα,
927 2323 1006 2413 οίον,
1021 2324 1161 2427 Ἀρίζας

71 2437 197 2539 Ἀρίζα,
216 2437 356 2534 Ἐλίξας
373 2439 777 2536 Ἐλίξα,”ΑψαςἈψα.
814 2441 870 2513 Τἆ
888 2441 922 2514 δὲ
938 2452 1160 2541 τεριττοσυλ-

73 2551 176 2641 λίβος
200 2557 378 2640 κλίνονται,
394 2557 483 2638 ἡνίκα
508 2560 616 2654 εὑρεθῇ
633 2557 677 2631 τὸ
701 2589 721 2629 τ
745 2557 812 2656 τρὸ
837 2565 899 2630 τοῦ
916 2589 946 2642 z,
964 2557 1033 2631 οίον
1050 2557 1166 2660 Βύζας

73 2669 245 2770 Βύζαντος,
263 2669 368 2772 Γύζας
385 2669 560 2772 Γύζαντος,
580 2671 695 2772 Πύζας
721 2671 907 2774 Πύζαντος.
947 2675 1080 2747 Ἰστέον
1105 2675 1159 2749 ὅτι
1171 2701 1208 2742 ²0

82 2785 265 2883 Ηρωδιανδς
281 2789 365 2862 ούτιο
381 2787 535 2889 κανανίζει
553 2796 671 2862 ταῦτα.

117 2902 170 2974 Τὰ
183 2907 228 2982 είς
239 2935 301 2976 on
311 2903 707 2998 λήγονταίσοσυλλιίβως
719 2907 895 2988 κλίνονται,
909 2903 977 2977 οίον
988 2905 1161 3003 Στρούθας

74 3015 234 3114 Στρούθα,
246 3016 413 3113 Παγιίθας
424 3017 723 3118 Παγᾶθα,”Αρθας
733 3019 1159 3118 Ἀρθα,ἈύρθαςἈύρθα.

116 3133 169 3204 Τὰ
187 3137 233 3211 είς
250 3165 313 3206 m
328 3139 481 3228 λήγοντα
496 3133 630 3208 ίίταντα
649 3133 882 3225 ι’σοσυλλιίβυς
897 3137 1074 3221 κλίνονται,
1092 3133 1161 3208 οίον

74 3246 216 3328 Πελίκος
237 3249 379 3333 Πελὲκα,
398 3251 533 3328 Κιύκκας
559 3250 688 3334 Κῶκκα,
716 3251 841 3348 Κρίκας
863 3251 984 3348 Κρίκα,
1012 3251 1101 3344 (ἔστι
1127 3249 1208 3337 δίας

74 3365 165 3449 ὄνομα
182 3372 363 3463 τοταμού,)
383 3365 493 3445 Σάκας
518 3365 625 3453 Σάκα,
643 3366 816 3445 Πολύκκας
834 3365 1001 3448 Πολύκκα,
1022 3368 1109 3459 (ἔστι
1127 3365 1162 3438 δὲ

74 3481 217 3566 τοταμδς
243 3481 470 3579 Μακεδονίας)
497 3481 663 3561 Ματιίκας
688 3481 849 3566 Ματύκα,
884 3483 972 3573 (ἔστι
999 3479 1033 3552 δὲ
1058 3482 1162 3563 ὄνομα

74 3597 242 3694 εύνούχον,)
259 3595 398 3676 Ἰνδύκας
412 3597 546 3683 Ἰνδύκα,
564 3597 715 3676 Κστύκος
733 3599 879 3681 Κοτύκα,
899 3599 986 3687 (ἔστι
1007 3595 1042 3669 δὲ
1059 3597 1161 3681 ὄνομα

74 3712 229 3793 βασιλέως
246 3711 523 3811 Παφλαγονίας.)

116 3826 170 3898 Τὰ
189 3832 234 3905 είι
254 3858 317 3900 Δια
338 3827 465 3928 καθαρὰ
488 3834 586 3902 (ίτλᾶ
612 3830 812 3918 δισύλλαβα,
831 3831 876 3913 μή
901 3831 1209 3927 ταραλήγύμεναμο

76 3943 161 4034 φύσει
186 3951 307 4040 μακρᾷ,
324 3953 494 4039 μονογενῆ,
511 3948 556 4030 μή
580 3947 704 4043 ἔχοντα
730 3945 776 4023 δίς
798 3942 840 4016 τὸ
867 3976 899 4030 κ,
929 3942 1162 4034 ι’σοσυλλύβιυς

75 4057 241 4144 κλίνονται,
259 4057 328 4132 οίον
336 4057 446 4138 Ὕλας
455 4061 558 4145 Ὕλα,
576 4061 605 4132 Γ
605 4061 682 4138 ε’λας
705 4061 806 4144 Γίλα,
824 4059 936 4140 Γύλας
962 4059 1068 4144 Γιίλα,
1088 4059 1163 4132 Κύ-

76 4177 128 4250 λαι
144 4175 258 4248 Κύλα.
302 4175 510 4276 Πρόσκειται
530 4191 549 4220 “
560 4177 603 4262 μή
621 4177 882 4274 ταραληγύμενα
900 4178 998 4275 φύσει
1019 4179 1162 4274 μακρᾷ,”

77 4287 173 4376 ἐπειδή
203 4291 258 4364 ἐὰν
288 4297 546 4390 παραλήγωνται
575 4295 671 4392 φύσει
702 4299 815 4392 μακρᾷ
842 4294 1163 4390 περιττοσυλλιίβας

78 4405 241 4491 κλίνονται,
259 4405 328 4480 οἷον
345 4408 456 4487 Φύλας
472 4409 654 4490 Φύλαντος,
673 4407 793 4506 Λήχας
812 4406 1001 4506 Λήχαυτος.
1043 4409 1207 4506 Πρύσ-35

587 4549 606 4589 Γ
624 4545 641 4592 2
