2958 5018
408 331 476 394 ΕΙΣ
497 331 553 392 ΤΟ
576 331 868 394 ΟΝΟΜΑΤΙΚΟΝ.
1131 344 1190 412 271

82 503 251 590 λήγοντα,
268 497 298 570 αι’
316 499 375 583 μὲν
394 501 472 572 θσιν
492 505 601 585 ᾶπλᾶ,
619 501 799 594 ὀξύνονται,
816 495 886 572 οἷον
901 499 1065 588 Ἀλκμὰν,
1082 499 1192 584 παιᾶν,

84 611 210 698 Τιτὰν,
239 618 269 686 εί
297 614 331 686 δὲ
355 616 416 688 ὦσι
446 617 596 701 σύνθετα,
622 617 832 715 βαρύνονται,
861 616 1018 688 τουτέστι
1050 615 1194 714 παροξύ·

86 763 212 816 νονται,
238 731 306 805 οἷον
320 733 513 832 Ἐρμόταν,
534 733 710 818 Ἀντίπαν,
735 733 939 805 Τιτανύπαν·
966 731 1066 814 μόνον
1091 730 1126 802 δὲ
1149 729 1193 802 τᾶ

86 847 237 947 Καρβᾶυ
250 851 408 940 (σημαίνει
428 849 461 921 θὲ
478 849 538 922 τὸν
556 848 759 948 βύρβαρον,)
778 849 854 920 οὔτε
866 851 993 918 ἁπλοῦν
1008 847 1100 919 ἐστίν
1117 849 1193 918 ούτε

85 965 257 1050 σύνθετον,
282 964 372 1036 ἀλλὰ
398 968 647 1064 παρασύνθετον
666 967 718 1036 καί
746 963 903 1057 ὀξύνεται·
928 963 1002 1034 ἔστι
1029 960 1097 1060 γὰρ
1124 959 1219 1044 ἃτᾶς

84 1087 154 1152 τοῦ
169 1079 247 1178 Κὰρ
263 1080 378 1178 Καρὸς
397 1082 486 1179 Καρὶ
512 1083 564 1153 καὶ
590 1089 652 1154 τοῦ
676 1083 742 1170 βοή
761 1081 931 1177 Κοριβοῢι
957 1081 1121 1162 σύνθετον,
1139 1079 1191 1150 καί

85 1197 339 1292 παρασύνθετον
360 1197 550 1294 Καριβοᾶν,
575 1199 627 1268 καί
653 1199 685 1268 ἐν
708 1202 860 1289 συγκοπῇ
877 1193 1033 1290 Καρβᾶν,
1052 1196 1146 1266 οἱονεί
1173 1197 1192 1264 ὁ

36 1327 68 1389 b
85 1313 175 1407 ἔχων
188 1313 295 1408 φωνήν
313 1311 438 1408 Καρὸς,
455 1313 612 1384 τουτέστι
631 1310 818 1410 βάρβαρον·
846 1315 879 1382 οί
895 1309 963 1408 γὰρ
982 1311 1092 1409 Κᾶρες
1107 1309 1193 1408 βᾶρ-

85 1429 200 1524 βαρον
216 1429 324 1524 φωνήν
340 1425 440 1525 εἶχον,
463 1431 503 1506 ὡς
528 1430 580 1500 καί
605 1432 625 1500 ὁ
650 1431 786 1512 ποιητής
812 1427 908 1512 θηλοῖ
930 1429 1046 1521 λέγων,
1067 1431 1126 1525 [ll.
1143 1427 1192 1518 θ.

87 1545 183 1635 867]
1206 1561 1242 1600 ιο

214 1669 320 1739 Νάστης
334 1675 426 1742 Καρῶν
439 1666 556 1743 ήγήσατο
568 1672 791 1742 βαρβαροφώνων.

88 1771 211 1842 Ταῦτα
227 1769 286 1855 μέν
302 1773 334 1843 έν
350 1774 492 1850 τούτοις.

142 1889 207 1958 Δεῖ
222 1886 256 1958 δὲ
274 1891 450 1981 γινώσκειν,
468 1889 521 1960 ὅτι
539 1887 583 1960 τᾶ
601 1891 644 1966 είς
661 1919 681 1959 κ
699 1893 851 1982 λήγοντα
868 1890 919 1960 καί
937 1889 1062 1988 μακρὸν
1078 1890 1191 1985 έχουσι

86 2002 133 2075 τὸ
152 2033 185 2090 ι,
201 2005 252 2074 καί
269 2006 450 2100 προσθέσει
468 2011 528 2078 τοῦ
546 2035 585 2076 ου
611 2011 743 2076 ποιοῦσι
761 2002 820 2087 τήν
837 2007 971 2098 γενικήν,
989 2006 1041 2076 καί
1060 2001 1192 2102 φυλάτ-

86 2151 187 2190 τουσι
213 2117 256 2190 τό
286 2149 307 2190 κ
336 2125 511 2216 πανταχοῦ
543 2118 677 2218 μακρὸν,
706 2120 786 2207 οἶον,
814 2119 967 2204 Ἀλκμὰν
994 2119 1190 2204 Ἀλκμᾶνος,
1205 2139 1239 2199 ¹5

89 2233 203 2306 Τιτὰν
228 2233 381 2316 Τιτᾶνος,
412 2233 512 2305 παιὰν
534 2239 681 2320 παιᾶνος,
703 2234 781 2307 Πὰν
806 2234 917 2314 Πανὸς
943 2237 1001 2308 ὅτε
1025 2232 1193 2331 ἀρσενικὸν

87 2351 179 2422 ἐστι’.
242 2349 449 2446 Πρόσκειται
481 2360 502 2394 “
516 2351 574 2424 ὅτε
603 2350 770 2449 ἀρσενικὸν
804 2349 924 2434 έστιν,”
958 2350 1066 2433 ε’πειθή
1100 2351 1193 2422 ἐστίν

89 2464 260 2562 οὐθέτερον
275 2463 317 2536 τὸ
334 2467 401 2534 πᾶν
418 2463 485 2535 ἇτό
511 2473 573 2537 τοῦ
594 2470 659 2543 τᾶς
684 2468 852 2564 ἀρσενικοῦ
869 2469 1091 2562 γεγενημένον,
1109 2467 1192 2564 ὅπερ

89 2581 144 2652 καί
161 2585 367 2678 περισπᾶτοι
393 2581 445 2651 καί
464 2579 514 2652 &a
533 2588 595 2653 τοῦ
612 2613 654 2655 υτ
669 2585 812 2656 κλίνεται
831 2583 913 2681 πρὸς
930 2585 1114 2667 ὁμοιότητα
1131 2588 1194 2653 τοῦ

90 2697 269 2794 ἀρσενικοῦ·
297 2698 316 2766 ὁ
339 2699 405 2772 πᾶς
422 2694 490 2794 γὰρ
515 2701 577 2770 τοῦ
594 2695 718 2776 παντὸς
742 2701 794 2770 καί
820 2697 863 2769 τὸ
889 2702 955 2768 πᾶν
974 2704 1035 2770 τοῦ
1057 2697 1191 2774 παντός.
1204 2726 1241 2765 20

91 2811 156 2884 Δεῖ
171 2816 337 2904 γινώσκειν
349 2813 403 2882 ὅτι
420 2818 539 2894 ταῦτα,
554 2815 639 2910 φημί
659 2813 696 2897 δή
713 2812 755 2886 τὸ
773 2812 936 2898 Ἀλκμὰν,
953 2813 1005 2882 καί
1022 2810 1065 2883 τὸ
1083 2809 1192 2893 ποιὰν,

90 2929 145 2999 καί
163 2926 281 3010 Τιτὰν,
299 2933 593 3024 τροπερισπῶνται
620 2929 705 3000 κατὰ
731 2931 790 3011 τήν
808 2928 942 3021 γενικήν,
960 2927 1067 3010 ἐπειδή
1094 2927 1191 3023 φύσει

91 3040 199 3140 μακρά
230 3044 303 3113 ε’στι
332 3040 400 3138 πρὸ
424 3047 500 3125 μιᾶς
525 3045 696 3141 βραχείας,
724 3041 792 3117 οἷον
818 3045 1015 3128 Ἀλκμᾶνος,
1046 3047 1193 3128 παιᾶνος,

93 3158 249 3234 Τιτᾶνος·
275 3156 404 3253 τὸγὰρ
429 3157 505 3229 Πᾶν
524 3158 635 3237 Πανὸς
660 3159 805 3255 ὀξύνεται
829 3160 914 3232 κατὰ
937 3161 996 3243 τήν
1013 3161 1137 3252 γενικήν
1154 3161 1194 3236 ὡς

93 3273 310 3361 ὃισύλλαβον,
333 3273 445 3371 ὥσπερ
470 3273 513 3345 τὸ
538 3274 645 3359 μηνὸς,
668 3276 775 3372 χηνὸς,
798 3277 908 3360 Ζηνός.
961 3275 1048 3372 Περὶ
1075 3273 1108 3344 δέ
1132 3279 1240 3352 ‘r01325

93 3389 216 3472 Δύμαυ,
242 3387 310 3460 ᾶτό
335 3390 432 3467 τοίας
457 3392 577 3468 εύθείας
601 3393 703 3475 ἐστιν,
729 3394 761 3463 έν
777 3400 828 3483 τῷ
848 3393 1058 3480 Ὀνοματικῷ
1079 3389 1193 3486 Ἡρω-

93 3503 210 3586 διανοᾶ,
229 3507 257 3575 εἰ
273 3510 335 3595 θεῷ
352 3505 467 3601 φίλον,
484 3507 710 3590 μαθησόμεθα.

145 3618 280 3690 Τούτων
297 3619 397 3696 ούτιυς
413 3621 567 3717 ἐχόντων,
585 3619 677 3716 ἄξιον
694 3623 767 3695 ε’στί
792 3620 941 3722 ζητήσαι,
959 3624 988 3692 εί
1009 3619 1074 3718 ἄρα
1091 3617 1135 3692 τᾶ
1153 3622 1196 3696 εἰς

96 3765 137 3806 ιιι
155 3738 306 3827 λήγοντα
325 3734 481 3806 ου’δέποτε
497 3738 575 3833 τρία
593 3737 753 3834 σύμφωνα
770 3741 883 3834 έχουσι
905 3735 973 3836 πρὸ
990 3743 1052 3810 τοῦ
1068 3767 1099 3820 κ,
1117 3737 1196 3806 ἀλλ’

94 3851 113 3932 ή
130 3850 368 3946 καθαριεύουσιν
384 3852 424 3926 ὡς
440 3848 483 3920 τὸ
501 3851 614 3922 παισίν
632 3850 804 3940 (wadum
821 3854 953 3950 ἔχουσιν
967 3853 1004 3926 έν
1021 3853 1245 3950 σύμφιυυον3ο

95 3967 136 4041 ὡς
149 3961 191 4035 τὸ
204 3963 314 4036 Τιτὰν
327 3963 394 4061 τρὸ
411 3972 474 4036 τοῦ
490 3995 521 4046 ι,
539 3965 557 4048 ή
576 3965 641 4050 δύο,
658 3967 709 4038 καί
727 3975 835 4039 ταῦτα
853 3969 871 4050 ή
889 3968 974 4041 κατὰ
992 3967 1197 4062 σύλληψινή

96 4077 180 4150 κατὰ
206 4076 392 4164 διάστασιν,
409 4079 494 4153 κατὰ
521 4079 695 4174 σύλληψιν
711 4081 769 4165 μέν
786 4085 826 4160 ὡς
847 4082 889 4155 τὸ
915 4083 1018 4168 ίύμᾶν,
1037 4085 1197 4174 (σημαίνει

98 4192 131 4266 δὲ
159 4192 219 4265 τὸν
248 4195 429 4290 έμπειρον,)
459 4194 634 4288 μεγιστᾶν,
660 4196 745 4268 κατὰ
776 4195 952 4270 θιᾶστασιν
976 4198 1009 4269 δέ
1034 4201 1074 4274 ὡς
1098 4199 1130 4268 έν
1150 4203 1198 4288 τῷ

98 4308 235 4405 πορθᾶν,
250 4307 395 4392 ‘maus
413 4310 570 4382 οὐδέποτε
596 4311 630 4384 θὲ
655 4313 731 4407 τριά
758 4313 918 4410 σύμφωνα
943 4315 1085 4408 ἔχουσιν,
1104 4315 1144 4389 ὡς
1157 4312 1201 4382 εἴ·

96 4455 205 4522 ρηται,
216 4432 282 4502 πῶς
300 4423 353 4500 ούν
365 4425 408 4496 τὸ
422 4425 573 4510 Ἀλκμὰν
585 4429 663 4524 τρία
682 4428 840 4523 σύμφωνα
856 4429 954 4523 ἔσχεν
966 4451 974 4510 ;
992 4427 1098 4508 Φησὶν
1111 4425 1165 4498 ούν
1180 4428 1247 4504 635
