2958 5018
398 329 465 388 υιυ
486 329 542 388 το
562 327 856 389 ουοιυκτικου.
1116 346 1179 412 303

27 495 171 574 καλὸς
187 504 303 580 καλοῦ,
317 497 453 595 Χρύσης
465 495 613 594 Χρύσου·
631 505 739 570 ταῦτα
750 496 818 595 γάρ
832 501 869 570 ού
885 499 1050 571 κλίνονται
1065 531 1181 597 περιτ-

34 610 312 701 τοσυλλάβως,
329 613 405 685 ἀλλ’
426 610 670 700 ἰσοσυλλάβως.
713 611 843 685 Ἔστιν
864 612 918 684 ούν
939 616 1038 685 εἰπεῖν
1057 615 1179 699 ταύτην

37 730 124 811 τὴν
146 729 356 824 ἀπολογίαν,
374 733 423 813 ὠς,
442 733 470 802 εἰ
486 735 547 820 θεῷ
566 728 680 826 φίλον,
696 730 914 812 μαθησόμεθα
930 731 963 800 έν
979 734 1028 820 τῷ
1043 734 1179 827 ῥήματι,

43 847 92 916 ἐν
119 852 171 940 τῇ
196 847 273 943 περὶ
299 853 361 919 τοῦ
384 846 569 931 μέλλοντος
586 844 793 938 διδασκαλίᾳ,
810 845 864 918 ὅτι
881 845 1043 941 ἀναλογεῖ
1060 849 1079 917 ὁ
1099 849 1180 932 μέλ-

46 969 135 1031 λων
153 967 203 1055 τῇ
219 963 371 1054 εύθείᾳ,ὀ
394 961 428 1034 δὲ
450 965 586 1040 ε’νεστοδς
607 970 650 1057 τῇ
666 969 783 1058 γενικῇ.
834 961 972 1046 Ἐπειδὴ
989 961 1043 1036 ούν
1060 965 1143 1037 ὅταν
1159 967 1178 1036 ὁ
1187 994 1204 1052 5

49 1078 214 1154 ε’νεστοδς
231 1075 283 1148 διδ
299 1083 362 1150 τού
378 1108 397 1150 υ
413 1079 431 1162 ίη
449 1108 472 1149 n
489 1080 508 1162 ἢ
525 1109 544 1152 α
560 1080 752 1178 ε’κφίρηται,
764 1079 849 1151 τότε
864 1079 884 1147 ὁ
900 1079 1031 1162 μέλλων
1048 1077 1100 1152 διδ
1116 1087 1180 1153 τού

53 1224 82 1264 ψ
118 1195 333 1292 εἰσφέρεται,
364 1192 433 1266 οἷον
460 1197 564 1284 λείβω
596 1194 721 1290 λείψω,
750 1197 863 1292 τέρπω
891 1193 1023 1292 τέρψω,
1053 1193 1179 1295 γράφω

56 1307 220 1408 γράψω,
233 1312 354 1383 τούτου
370 1309 468 1409 χάριν
480 1313 533 1382 καὶ
551 1312 632 1384 ὅταν
650 1317 668 1395 »5
685 1313 789 1385 εύθιῖα
803 1309 854 1384 διά
872 1317 934 1383 τοῦ
951 1341 971 1382 υ
986 1314 1179 1411 ἐκφέρηται,
1196 1347 1198 1350 ·
1224 1331 1227 1340 ’

57 1427 160 1498 τότε
186 1431 206 1510 »5
230 1428 338 1519 γενικὴ
361 1425 413 1498 διὰ
438 1434 499 1500 τοῦ
522 1459 541 1499 ιι
564 1429 583 1512 ίη
607 1459 630 1500 n
653 1425 1177 1526 1ίηοείσφέρεται,αἶαν”Αρακφι

47 1541 240 1639 Ἀραβος,
272 1542 429 1638 Κύκλωψ
456 1544 649 1628 Κύκλωπος,
678 1543 780 1638 κίνυψ
809 1545 952 1642 κίνυφος·
986 1545 1039 1614 καί
1070 1541 1178 1628 ἐπειδὴ
1191 1580 1225 1620 ιο

64 1655 179 1729 πάλιν
202 1659 286 1730 ὅταν
307 1661 327 1730 ὁ
352 1659 489 1737 ε’νεστάς
511 1658 563 1731 διὰ
581 1665 642 1731 τοῦ
662 1691 680 1732 υ
701 1660 720 1743 ἦ
739 1691 758 1731 κ
777 1660 796 1743 ίη
814 1691 835 1730 x
852 1660 1043 1757 ἐκφέρηται,
1059 1660 1178 1731 τότεό

18 1775 209 1858 ὺμέλλων
243 1774 296 1847 διὰ
328 1782 390 1848 τοῦ
423 1802 443 1850 ει
474 1776 678 1874 εἰσφέρεται,
712 1773 782 1847 οἷον
814 1776 906 1869 λέγω
938 1772 1035 1870 λέξω,
1069 1775 1179 1846 πλέκω

68 1887 201 1984 πλέξαι,
226 1892 337 1989 τρέχω
363 1888 478 1987 θρέξω,
501 1891 624 1962 τούτου
647 1889 747 1990 χάριν
768 1891 820 1962 καὶ
846 1890 929 1964 ὅταν
954 1893 973 1972 »5
998 1891 1102 1962 εύθεία
1125 1887 1178 1961 διά

69 2012 138 2078 τοῦ
155 2033 176 2080 z
194 2008 383 2105 ἐκφέρηται,
396 2007 479 2079 τότε
496 2010 514 2089 »5
529 2007 637 2100 γενικὴ
651 2005 702 2078 διὰ
716 2013 778 2080 τού
794 2037 812 2080 ο
830 2008 849 2092 ίη
867 2039 888 2079 x
906 2007 924 2092 55
939 2038 959 2079 κ
974 2007 1178 2104 εἰσφέρεται,

71 2119 147 2194 οἰον
169 2120 290 2218 τέττιξ
312 2124 482 2217 τέττιγος,
505 2121 625 2221 πέρδιξ
648 2123 807 2221 πέρδικος,
831 2121 908 2218 ὄνυξ
931 2123 1055 2220 ὄνυχος.
1107 2121 1177 2194 Καὶ
1190 2159 1225 2218 15

72 2236 186 2321 ἐπειδὴ
199 2237 301 2310 πάλιν
318 2239 399 2311 ὅταν
417 2241 436 2310 ὁ
453 2240 588 2317 ε’νεστάς
602 2237 653 2310 διά
670 2245 732 2311 τοῦ
749 2269 769 2310 ε
787 2239 805 2322 5
824 2268 843 2309 Δ
861 2238 880 2322 5
897 2269 917 2310 τ
933 2238 952 2322 5
969 2237 1022 2310 διά
1034 2243 1179 2338 καθαροῦ

73 2361 139 2426 τοῦ
160 2385 181 2425 ο
202 2356 392 2452 ἐκφέρηται,
409 2356 493 2427 τότε
515 2356 534 2425 ὁ
556 2356 687 2439 μέλλων
704 2353 755 2426 διά
772 2361 834 2428 τού
852 2385 870 2426 ιι
887 2355 1091 2452 εἰσφέρεται,
1109 2352 1179 2428 οἰον

75 2471 146 2543 άδω
161 2469 241 2554 άσω,
258 2473 360 2545 πείθω
376 2473 491 2558 πείσω,
508 2471 612 2543 άνύτω
634 2471 749 2557 άνύσω,
772 2472 874 2543 ἀκούω
899 2471 1038 2558 ἆκούσω,
1057 2471 1179 2543 τούτου

76 2586 177 2686 χάριν
192 2588 244 2659 καὶ
267 2589 349 2661 ὅταν
366 2592 384 2671 »5
401 2589 504 2660 εύθεΐα
527 2585 580 2660 διά
603 2594 665 2660 τοῦ
689 2618 707 2658 x
730 2587 920 2686 ἐκφέρηται,
941 2587 994 2658 καί
1019 2617 1178 2684 περιττο-

77 2703 253 2792 συλλάβως
277 2705 436 2788 κλίνηται,
458 2705 542 2778 τότε
564 2707 583 2787 »5
606 2705 714 2798 γενικίη
737 2702 789 2776 διὰ
811 2710 872 2774 τοῦ
894 2732 914 2772 Δ
936 2702 993 2785 ἰιε
1015 2701 1176 2785 ἰητίηδιά
1189 2740 1225 2779 20

78 2824 221 2917 καθαροῦ
251 2827 313 2892 τοῦ
345 2849 385 2891 οε
416 2820 619 2917 εἰσφέρεται,
649 2817 719 2890 οἰου
753 2816 862 2916 Πάρις
897 2815 1056 2915 Πάριδος,
1091 2819 1176 2916 ὅρνις

81 2933 216 3029 ὄρνιθος,
235 2931 354 3031 Λάχης
375 2930 548 3031 Λάχητος,
574 2933 698 3030 βότρυς
723 2932 878 3030 βότρυος.
919 2931 1039 3005 Ταῦτα
1062 2932 1122 3016 μὲν
1143 2935 1176 3005 ἐν

82 3050 219 3127 τούτοις.

133 3167 257 3239 Ἰστέον
282 3167 335 3240 ὅτι
367 3171 403 3239 ού
429 3163 644 3253 διαλαμβάνει
672 3167 692 3236 ὁ
717 3164 865 3264 τεχνικὸς
889 3167 965 3263 περὶ
995 3171 1061 3238 τῶν
1086 3169 1128 3244 εἰς
1155 3195 1176 3240 Ε

85 3280 348 3371 μονοσυλλάβων,
382 3285 461 3353 ἄλλ’
494 3280 603 3364 ἐπειδὴ
640 3287 746 3354 ταῦτα
784 3283 933 3366 ποικίλης
966 3281 1177 3362 διδασκαλίας
1187 3322 1222 3383 25

87 3398 217 3481 δέονται,
230 3401 262 3469 έν
274 3405 322 3492 τῷ
336 3397 542 3490 Ὀνοματικῷ
554 3397 770 3496 Ἠρωδιανοιλ
781 3401 810 3469 εἰ
826 3402 888 3490 θεῷ
901 3399 1014 3496 φίλον,
1027 3399 1177 3483 μαθησό-

86 3520 175 3598 μεθα.
223 3514 277 3586 Τό
295 3514 329 3586 δὲ
347 3513 458 3611 θώραξ
473 3517 617 3612 θώρακος
633 3511 833 3613 κανονίζεται
850 3515 959 3606 τούτῳ
977 3520 1026 3604 τῷ
1045 3514 1173 3609 τρόπῳ·

87 3630 131 3704 τὰ
154 3634 193 3708 εἰς
214 3659 257 3704 κε
282 3635 434 3724 λήγοντα
459 3629 538 3727 ὑπὲρ
562 3629 639 3714 μίαν
661 3631 836 3718 συλλαβὴν
860 3632 955 3700 άπλᾶ
981 3627 1033 3700 διά
1062 3636 1125 3700 τοῦ
1154 3661 1174 3700 κ

89 3748 251 3830 κλίνονται,
271 3745 339 3818 οἰον
357 3743 470 3843 θώραξ
485 3747 639 3841 θώρακος,
653 3743 770 3842 φυλαξ
785 3745 942 3843 φύλακος,
958 3742 1064 3841 κόραξ
1079 3743 1178 3843 κόρα·

89 3895 149 3947 κος,
171 3860 252 3958 άναξ
274 3861 398 3945 άνακος,
426 3859 492 3953 (καί
521 3869 723 3954 πλεονασμῷ
748 3868 810 3934 τοῦ
836 3893 856 3934 τ
881 3861 1045 3958 ἄνακτος)
1071 3860 1180 3958 αύλαξ
1186 3903 1224 3960 30

91 3981 226 4064 αὔλακας,
251 3977 355 4074 πίδαξ
377 3977 521 4060 πίδακος,
548 3975 709 4067 (σημαίνει
741 3975 775 4048 δέ
803 3977 864 4061 τὴν
891 3980 1025 4072 πηγὴν,)
1054 3976 1179 4072 κλίμαξ

91 4095 241 4177 κλίμακος.
292 4093 501 4193 Πράσκειται
525 4103 545 4134 “
558 4094 679 4162 άπλᾶ”
697 4091 748 4164 διὰ
774 4092 819 4164 τά
844 4095 997 4180 σύνθετα,
1021 4091 1102 4182 οἷον,
1124 4092 1176 4164 διὰ

92 4209 131 4282 τδ
146 4207 305 4308 άπάσφαξ
320 4211 537 4308 άπόσφαγος,
556 4211 644 4302 (ἔστι
662 4210 697 4282 δέ
717 4211 808 4309 παρὰ
831 4211 875 4284 τό
898 4209 1049 4311 σφάζω,)
1070 4241 1178 4308 νεκρο-

95 4325 218 4421 βάσταξ
234 4324 505 4425 νεκροβάσταγος
524 4328 611 4419 (ἔστι
630 4325 664 4399 δὲ
685 4325 776 4423 παρὰ
794 4327 836 4400 τὸ
854 4324 1044 4424 βαστάζω.)
1097 4327 1179 4398 Σύν-

97 4449 166 4516 θετα
187 4443 217 4514 δὲ
239 4443 287 4514 δεῖ
311 4453 401 4526 νοείν,
424 4445 498 4541 ούχί
523 4443 568 4515 τὰ
595 4441 663 4514 ἆτδ
687 4449 751 4514 τῶν
773 4447 815 4520 εἰς
832 4473 875 4518 κει
894 4448 1008 4515 άπλῶν
1026 4445 1224 4544 σύνθετα,35
