2972 5014
385 303 451 364 ειν
472 303 528 364 το
551 305 843 370 onomaton.
1096 308 1159 394 3⁸3

33 466 142 562 ὒωρ
161 467 294 565 ἔλαρος,
312 466 372 563 (τὸ
388 471 534 556 έλκνσμο
551 473 603 544 καί
621 439 822 571 σπάραγμα,
839 472 878 570 ἐξ
892 477 930 547 οθ
945 474 988 549 πδ

225 646 319 716 ε’λῶρια
331 649 407 716 τεῦχε
422 644 549 719 κίνεσιν),

39 813 145 895 πλὴν
170 819 235 884 τοῦ
257 813 340 912 ὕδωρ
363 813 492 898 ὕδατος,
509 823 615 888 τοῦτο
633 815 702 914 γὰρ
718 817 771 890 διὰ
793 826 856 890 τοῦ
880 849 940 890 τοι
963 821 1084 904 ἐκλίθη,
1104 822 1157 892 καί

39 929 150 1000 ἔστιν
176 928 397 1026 έπεριίκλιτον·
432 934 450 1013 ὴ
476 929 545 1030 γὰρ
567 933 674 1010 κλίσις
697 934 797 1006 αὑτοῦ
820 937 861 1012 ὡς
885 934 953 1007 ἆπδ
975 945 1034 1019 τῆς
1057 941 1099 1014 είς
1117 969 1158 1009 Ax

41 1041 266 1140 καταλήξειος
281 1045 382 1128 ἐστιν,
399 1043 469 1117 οίον
484 1049 525 1123 ὡς
540 1044 609 1117 ἆπδ
625 1055 684 1130 τῆς
700 1047 774 1124 ι’ίδας
790 1047 917 1133 ίίδαπος,
935 1049 1049 1149 ιίίσπερ
1066 1054 1185 1150 κρέας5

42 1159 207 1255 κρέαπος,
233 1167 336 1256 γῆρας
361 1164 519 1258 γῆρατος.
571 1161 736 1234 Τοιοῦτόν
760 1163 833 1234 ἔστι
859 1164 911 1235 καί
937 1162 979 1238 τὸ
1006 1167 1106 1265 σκιδρ,
1125 1167 1158 1258 (ὃ

44 1273 205 1356 σημαίνει
222 1271 265 1345 τδ
278 1274 539 1371 ἆ[μ]ῲο’δενμα,)
554 1277 674 1349 τούτου
687 1275 756 1375 γὰρ
771 1280 788 1360 ὴ
807 1279 913 1371 γενικὴ
930 1282 1053 1359 σκατός
1065 1283 1158 1355 ἔστιν

44 1387 280 1485 ἓτεροκλίτως,
308 1393 347 1466 ὡς
376 1387 444 1460 ἆπδ
473 1398 531 1473 τῆς
565 1394 646 1469 σκᾶς
675 1392 793 1469 εὐθείας
821 1401 880 1476 πῆς
911 1395 955 1478 μὴ
986 1398 1156 1494 εἰρημένης.
1191 1429 1196 1440 ·

47 1505 212 1599 Λέγουσι
230 1502 264 1576 δὲ
280 1505 490 1603 ἕτερόκλιτον
507 1507 660 1600 γενέσθαι
676 1505 719 1580 τδ
735 1505 817 1606 ὕδωρ
834 1507 960 1593 ὕδατος,
979 1510 1030 1583 διὰ
1047 1514 1159 1584 τοιαί-

46 1654 112 1706 την
140 1622 260 1695 αίτίαν·
296 1625 395 1694 κανών
418 1621 510 1694 ἐστιν
532 1623 551 1691 ὁ
573 1622 692 1715 λέγων,
716 1623 771 1694 ὅτι
796 1627 863 1694 πᾶν
886 1625 1054 1723 ονδέτερον
1076 1627 1157 1727 ὑπὲρ
1170 1677 1205 1716 10

47 1739 131 1820 μίαν
149 1738 336 1826 συλλαβὴν,
352 1736 485 1820 ἀπαθὲς,
502 1733 823 1835 βραχνκατᾶληκπον
841 1739 927 1810 θέλει
951 1739 1040 1824 εἶναι,
1058 1744 1157 1840 χωρίς

48 1857 119 1925 τῶν
136 1851 230 1951 παρὰ
247 1851 291 1925 τδ
307 1859 388 1931 ποῦς
403 1854 456 1924 καί
467 1861 531 1952 ντῆς
548 1855 591 1930 είς
608 1883 649 1924 αν
666 1852 882 1949 καταλὴξειος.
915 1855 1105 1929 Ἔστωσαν
1122 1857 1157 1930 δὲ

50 1968 314 2067 παραδείγματα
338 1976 399 2041 τοῦ
422 1969 552 2046 κανόνος
576 1975 693 2039 ταῦτα·
722 1966 764 2040 τδ
787 1971 890 2068 κρέας,
908 1969 951 2042 πδ
973 1982 1096 2068 τεῖχος,
1113 1971 1156 2044 τὸ

50 2087 193 2170 ποίημα,
207 2083 251 2158 πδ
269 2087 382 2170 νόημα,
395 2083 437 2157 τδ
455 2083 595 2183 δένδρον,
608 2083 651 2156 τδ
668 2082 776 2178 ξῦλον,
790 2083 833 2156 τὸ
851 2084 979 2183 δέλεαρ,
995 2085 1038 2158 τδ
1055 2085 1155 2185 ἧπαρ,

51 2202 96 2275 τὸ
122 2203 211 2288 με’λι.
263 2202 469 2300 Πρόσκειται
496 2213 516 2243 “
529 2199 611 2298 ὑπὲρ
635 2203 711 2284 μίαν
734 2202 926 2288 συλλαβὴν”
945 2200 996 2273 διὰ
1021 2201 1064 2275 τδ
1089 2208 1203 2312 πᾶν15

53 2321 107 2391 καί
138 2325 214 2416 πῦρ·
248 2324 356 2390 ταῦτα
384 2314 451 2414 γὰρ
478 2322 857 2412 μακροκαταληκτοῦσιν,
886 2317 964 2387 ἀλλ’
990 2319 1046 2388 οὐκ
1075 2320 1156 2390 είσίν

54 2437 138 2536 ὑπὲρ
161 2435 238 2520 μίαν
263 2435 447 2521 συλλαβὴν.
499 2432 706 2529 Πρόσκειται
725 2443 745 2474 “
758 2431 899 2510 ἆπαθὲς”
917 2432 968 2505 διὰ
991 2432 1034 2505 τὸ
1055 2437 1155 2522 βοῶν,

56 2553 99 2627 τδ
122 2559 245 2637 ποιοῦν,
261 2549 304 2624 τὸ
325 2552 455 2632 ὀστοῦν,
471 2555 579 2621 ταῦτα
605 2544 673 2646 γὰρ
696 2546 764 2620 ἇπδ
789 2545 931 2644 κράσεως
954 2549 1069 2646 έχουσι
1095 2551 1155 2634 τὴν

57 2666 192 2766 μακρὰν,
209 2665 277 2740 ἆπδ
295 2664 363 2763 γὰρ
380 2671 442 2738 ποῦ
458 2664 564 2754 βόαον
583 2665 635 2734 καί
655 2671 717 2736 τοῦ
741 2664 853 2734 ποίεον
874 2662 926 2734 καί
951 2670 1013 2736 τοῦ
1036 2668 1155 2738 ὀστέον

58 2786 147 2858 εἰσίν.
189 2782 276 2856 Ἔτι
301 2783 496 2879 πρόσκειται
515 2791 536 2822 “
549 2777 702 2863 ἆπαθές,”
719 2777 771 2850 διὰ
793 2776 836 2851 τδ
859 2777 952 2878 κάρη,
972 2782 1024 2852 καί
1049 2789 1202 2874 ποθι-ο,ο

59 2899 127 2999 γὰρ
150 2897 218 2972 ἆπδ
244 2896 367 2974 πάθους
395 2896 463 2994 ἔχει
492 2897 553 2980 τὴν
577 2891 875 2992 μακροκατιίληξιν,
904 2895 971 2967 ἆπδ
998 2896 1066 2994 γὰρ
1093 2906 1155 2970 τοῦ
1233 2903 1235 2908 ’

60 3015 190 3114 κδρηνον
220 3013 340 3108 γέγονε
368 3009 454 3083 κατὰ
485 3009 666 3096 ἀποκοπὴν,
695 3010 748 3081 καί
775 3011 812 3082 οὗ
840 3017 1022 3106 καταλήγει
1054 3015 1152 3111 φύσει

62 3133 101 3208 είς
118 3161 150 3202 ει.
185 3128 390 3226 Πρόσκειπαι
409 3138 429 3167 “
441 3125 539 3223 χωρίς
555 3129 620 3196 τῶν
632 3122 725 3223 παρὰ
741 3123 784 3198 πδ
802 3125 900 3204 ποδς”
913 3125 965 3198 διὰ
981 3126 1024 3200 τὸ
1042 3127 1154 3200 δίπουν

62 3245 110 3317 καί
134 3245 277 3343 τρίπουν·
308 3247 416 3314 ταῦτα
437 3238 504 3338 γὰρ
529 3247 893 3338 μακροκαπαληκτοῦσι.
945 3241 1152 3339 Πρόσκειται

64 3371 85 3404 “
101 3360 194 3457 χωρίς
209 3367 267 3442 τῆς
284 3361 326 3435 είς
343 3387 385 3428 αν
401 3353 632 3449 καταλήξεως,”
653 3353 704 3427 διὰ
726 3354 769 3426 τὸ
794 3357 932 3454 τέκμαρ,
957 3357 1010 3427 καί
1033 3357 1151 3454 ἔλδωρ,
1162 3409 1197 3471 ²5

63 3476 111 3547 καί
142 3473 232 3572 ὕδωρ,
261 3479 369 3546 ταῦτα
399 3469 466 3568 γὰρ
495 3478 875 3567 μακροκαταληκτοῢσιν.
931 3470 1069 3554 Ἐπειδὴ
1098 3471 1151 3543 οὖν

65 3588 250 3688 παράλογος
275 3588 366 3660 ε’στίν
391 3585 472 3669 αὕτη
499 3589 516 3668 ὴ
539 3583 726 3679 κατάληξις,
751 3587 837 3684 φημί
862 3585 898 3670 δὴ
922 3591 940 3670 ὴ
966 3589 1008 3664 είς
1031 3617 1073 3658 ον
1097 3586 1150 3659 διὰ

64 3707 119 3790 τὴν
143 3700 457 3802 μακροκαπαληξίαν,
483 3702 604 3773 τούτου
631 3700 730 3799 χάριν
759 3701 802 3774 τὸ
831 3701 912 3799 ὕδωρ
944 3705 999 3773 οὗκ
1027 3703 1149 3788 ε’κλίθη,

65 3823 135 3894 ἀλλ’
154 3820 283 3915 ἐγένετο
310 3823 327 3901 ἦ
353 3819 458 3894 κλίσις
483 3817 583 3888 αὐτοῦ
612 3815 685 3888 ἆπδ
709 3826 767 3900 τῆς
794 3821 837 3895 είς
863 3847 903 3888 κα
931 3815 1148 3910 καπαλὴξεως,

66 3938 164 4036 ὥσπερ
189 3935 257 4034 γὰρ
282 3935 374 4032 κρέας
398 3934 544 4030 κρέατος,
572 3941 675 4030 γῆρας
701 3939 858 4032 γήρατος,
885 3933 970 4006 οὕτω
996 3935 1048 4005 καί
1076 3933 1148 4012 ὕδας
1158 3975 1197 4032 30

65 4053 176 4136 ὕδατος,
211 4053 263 4124 καί
303 4052 377 4123 ἔστι
419 4045 539 4119 λοιπὸν
581 4049 802 4147 ἔτερόκλιτον.
872 4049 1072 4148 Εὖρίσκεται
1115 4047 1149 4118 δὲ

66 4172 111 4243 καί
134 4176 150 4254 ὴ
172 4173 214 4248 είς
238 4199 278 4240 οἳ
303 4167 416 4239 εὖθεΐα.
460 4163 596 4259 Ὥσπερ
620 4161 687 4260 γὰρ
708 4163 776 4236 ἀπὸ
799 4173 860 4238 τοῦ
882 4174 985 4262 γῆρας
1006 4166 1147 4260 (γῆρας)

68 4288 112 4358 καί
135 4284 196 4358 ιἰπδ
222 4292 283 4359 τοῦ
308 4283 400 4381 δέρας
425 4279 524 4378 δέρος,
551 4277 636 4352 οὕτω
662 4281 713 4351 καί
745 4279 813 4352 ἆπδ
840 4289 897 4363 τῆς
922 4279 996 4354 ὕδας
1019 4280 1146 4360 εὐθείας,
