2972 5014
380 327 462 388 ἘΙΣ
483 327 539 390 ΤΟ
561 327 856 390 ΟΝΟΜΑΊῚΚΟΝ.
1108 339 1172 410 333

33 503 123 572 τοῦ
144 527 171 570 α
192 500 235 576 είς
250 494 293 568 τδ
312 527 331 568 ο
348 496 401 568 καί
419 526 439 568 A
458 497 580 591 γίγονι
595 495 751 594 Σαπφία
774 501 837 570 τού
862 526 886 568 ες
910 493 1173 585 ἆποβλςθίντος,

36 617 131 684 ἔπει
158 610 242 696 ἢτό
259 643 281 684 A
298 610 531 701 ιἰποβλητικδν
553 613 647 684 ἐστιν
670 617 733 684 τοῦ
751 641 786 698 ιι,
803 608 874 684 οίον
891 609 1016 708 Ξέρξην
1036 608 1185 709 Ξέρξεα,

40 727 283 812 Πολυδεύκην
300 726 518 813 Πολυδεύκεα,
535 727 583 813 ἦν,
599 727 647 810 ἔα,
681 728 740 824 [Il.
757 726 793 799 ε’.
810 729 899 820 887.]

199 907 218 974 ἧ
229 927 272 960 κεν
282 905 330 972 ζίιε
343 903 466 976 ἆμενιινύε
478 905 509 960 ία
521 907 630 976 χαλκοῖο
643 907 752 972 τυπῇσι.

50 1071 123 1146 Τὸ
153 1071 225 1172 γὰρ
254 1078 363 1158 μοῦσα
396 1077 522 1158 μοῦσαν
550 1072 619 1146 ίιπδ
647 1075 783 1152 κλίσεως
810 1075 879 1172 ἔχει
907 1071 950 1147 τδ
982 1103 1015 1157 ιε,
1042 1073 1096 1146 καί
1122 1074 1203 1155 ούκ5

50 1191 146 1261 ἔστι
174 1187 261 1259 κατὰ
287 1185 394 1266 πιίθος
417 1186 531 1285 ὥσπερ
561 1185 607 1260 τὰ
636 1187 740 1260 ἅλλα.
783 1189 911 1262 Ἔστιν
940 1189 994 1261 σύν
1024 1191 1180 1290 Σαπφῶν

54 1304 243 1402 Σοπφόα,
260 1301 442 1385 διαλύσεως,
459 1305 500 1380 ὡς
525 1302 660 1400 ε’ίρηται,
685 1304 855 1398 γενομένης
878 1311 940 1376 τοῦ
964 1335 985 1376 α
1011 1308 1054 1384 είς
1080 1337 1099 1376 ο
1124 1305 1178 1376 καί

57 1421 112 1496 εἷς
127 1448 162 1502 A,
177 1419 231 1490 καί
248 1415 369 1489 λοιπὸν
384 1413 470 1491 κατὰ
487 1421 604 1516 κρᾶσιν
620 1425 683 1490 τοῦ
700 1449 719 1490 ο
737 1421 789 1492 καί
809 1450 828 1492 A
846 1423 890 1498 είς
905 1449 926 1492 α
944 1419 1065 1514 γέγονε
1081 1421 1182 1492 Σαπ-

60 1532 144 1631 φιό,
160 1531 277 1628 ὥσπερ
302 1533 476 1630 κρείττονα
497 1533 654 1629 κρείττοα
677 1533 730 1604 καί
752 1536 903 1632 κρείττω,
919 1537 1080 1624 βελτίονα
1096 1537 1182 1624 βελ-

61 1649 153 1720 τίοα
171 1647 310 1735 βελτίω.
343 1647 388 1716 ‘O
407 1645 585 1725 Θεοδόσιος
602 1646 637 1719 δὲ
653 1645 784 1748 δοξάζει
802 1649 856 1721 ὅτι
874 1648 942 1721 ἆπδ
959 1659 1018 1733 τῆς
1034 1650 1184 1748 Σαπφόῖ
1192 1679 1227 1720 ιο

66 1763 208 1846 δοτικῆς
225 1764 361 1857 γε’γονεν
377 1767 396 1846 »5
415 1762 569 1860 Σαπφία
592 1764 756 1846 αι’τιατικὴ
779 1771 889 1860 τροπῇ
910 1772 972 1836 τοῦ
988 1795 1000 1836 1
1018 1769 1061 1843 εἷς
1077 1795 1109 1848 A,
1126 1766 1179 1836 καί

67 1876 164 1950 κατὰ
181 1881 298 1976 κρᾶσιν
313 1884 375 1950 τοῦ
392 1908 413 1950 ιι
430 1878 482 1949 καί
502 1906 522 1949 A
540 1879 584 1954 εἷς
600 1907 631 1959 α,
650 1878 798 1976 Σοπφιδ,
815 1878 868 1949 καί
891 1879 983 1972 λίγει
1009 1880 1063 1952 ὅτι
1086 1883 1105 1962 »5
1129 1883 1179 1951 αι’-

69 1994 211 2078 τιατικίι
227 1999 452 2091 συναιρεθεΐσα
470 1994 525 2064 αύκ
542 1993 633 2064 εἴασε
646 1990 708 2071 τὰς
724 1991 834 2071 ἄλλος
854 1997 1000 2072 πτώσεις
1017 2002 1066 2087 τῷ
1083 1994 1180 2089 λόγῳ

16 2123 60 2183 ia
72 2117 139 2192 τῆς
160 2110 368 2206 συναιρέσεως
389 2114 547 2193 κλιθῆναι,
565 2106 656 2179 ἀλλὰ
681 2107 765 2204 πρὸς
790 2109 888 2192 αὐτὴν
913 2105 1025 2187 πείσας
1048 2111 1181 2196 ἔκλινεν,

76 2229 183 2317 ἤγουν
199 2222 282 2322 πρὸς
297 2225 479 2318 ἀναλογίαν
495 2226 617 2308 ἑαυτῆς,
635 2226 722 2308 πλὴν
737 2233 796 2308 τῆς
815 2233 966 2308 κλητικῆς
982 2231 1048 2297 τῶν
1065 2226 1180 2296 ἑνικῶν·
1193 2251 1205 2290 ι
1210 2251 1228 2310 5
1325 2291 1328 2297 Α

78 2339 164 2424 ούτη
191 2338 259 2436 γὰρ
285 2343 328 2416 είε
349 2341 410 2422 τὴν
434 2370 466 2412 οι
486 2339 680 2437 δίφθογγον
695 2345 804 2434 λήγει.
856 2352 875 2382 “
888 2338 984 2438 Πρὸς
1000 2340 1182 2433 ιἰναλογίαν

80 2453 117 2527 δὲ
135 2453 250 2536 αύτῆς”
276 2451 372 2536 εἶπεν,
390 2452 497 2537 ἐπειδὴ
515 2457 533 2536 »5
552 2455 655 2525 εύθεῖα
677 2459 744 2526 τῶν
766 2453 874 2526 δυἰκῶν
897 2455 1014 2540 ὁμοίως
1036 2457 1117 2550 αὐτῇ
1139 2455 1184 2533 είς

82 2601 106 2640 α
136 2571 245 2661 λήγει,
271 2565 341 2639 οἷον
368 2567 413 2640 τὰ
440 2568 588 2666 Σαπφιδ,
613 2569 667 2640 καὶ
692 2568 814 2642 λοιπὸν
839 2571 1022 2649 ἀκολούθως
1045 2571 1130 2666 αὐτῇ
1148 2571 1188 2642 αί

82 2685 201 2758 λοιπαὶ
218 2686 360 2760 πτώσεις
376 2685 551 2755 κλίνονται.
603 2684 721 2757 Ταῦτα
738 2683 796 2768 μὲν
813 2687 846 2757 ἐν
862 2688 1006 2765 τούτοις.

134 2800 264 2872 Ἰστίον
281 2797 316 2870 δὲ
332 2799 386 2870 ὅτι
404 2799 585 2896 εὑρίσκεται
605 2799 657 2869 καί
677 2797 766 2882 ἄλλη
783 2803 950 2885 αι’τιατικίς
967 2805 1010 2879 είς
1028 2831 1097 2887 om,
1115 2798 1185 2872 οἷον
1196 2829 1233 2868 20

86 2918 147 3000 τὴν
165 2915 292 2998 Λητοῖν
315 2915 367 2985 καί
393 2915 453 2996 τὴν
471 2914 645 3012 Σαπφοῖν,
661 2913 730 2997 ἥτις
747 2913 868 2999 Ἰωνική
890 2918 976 2989 ἐστι.
1027 2915 1133 3010 Λέγει
1151 2913 1191 2986 δὲΙ

89 3027 322 3128 ὁἩρωδιανδς
338 3030 393 3102 ὅτι
418 3031 492 3101 ἔστι
514 3029 574 3112 τὴν
593 3029 747 3126 Σοπφιδν
771 3031 825 3102 καί
847 3031 909 3113 τὴν
925 3029 1047 3115 Ama»
1064 3034 1083 3114 »5
1100 3035 1188 3104 αι’τι-

90 3148 191 3229 ατικίι,
209 3146 261 3216 καί
283 3143 369 3217 κατὰ
386 3146 515 3243 τροπὴν
532 3145 670 3228 Ἰωνικὴν
686 3153 747 3218 τοῦ
763 3177 784 3218 α
802 3149 846 3223 είς
861 3147 921 3230 τὴν
939 3177 973 3218 01
992 3146 1187 3245 δίφθογγον

92 3265 212 3357 γίνεται
235 3262 296 3345 τὴν
320 3261 482 3360 Σαπφοῖν
505 3261 559 3331 καί
584 3261 644 3343 τὴν
668 3259 808 3345 Λητοῖν.
860 3261 989 3331 Ἰστίον
1015 3260 1049 3331 δὲ
1074 3263 1128 3333 ὅτι
1154 3263 1188 3332 οἱ

93 3378 222 3455 Αἰολεῖς
240 3378 291 3447 καί
310 3375 362 3447 διὰ
378 3383 441 3448 τοῦ
457 3407 478 3448 α
495 3377 634 3470 λέγουσι
657 3377 716 3460 τὴν
742 3375 924 3457 αι’τιατικίιν
944 3381 1010 3446 τῶν
1033 3377 1079 3452 είς
1092 3406 1113 3446 α
1131 3379 1233 3468 θη-ας

93 3499 188 3566 λυκῶν
211 3492 263 3563 καί
288 3494 494 3589 βαρύνονσιν,
512 3489 582 3563 οίον
598 3492 658 3575 τὴν
676 3489 781 3575 Λῆτω
803 3491 862 3572 τὴν
881 3485 1027 3588 Σιίπφω.
1080 3490 1187 3561 Πᾶσα

98 3609 160 3708 γὰρ
175 3607 261 3702 λε’ξις
273 3607 354 3706 ὑπὲρ
366 3609 443 3691 μίαν
456 3609 631 3696 συλλαβὴν
647 3610 727 3704 παρ’
739 3611 810 3689 ἡμῖν
824 3601 993 3698 ὀξυνομίνη
1007 3601 1099 3701 παρὰ
1116 3615 1190 3682 τοῖς

97 3727 249 3798 Αἰολεῦσι
274 3724 461 3821 βαρύνεται,
488 3723 557 3794 οἷον
584 3723 725 3820 Ἀτρεύς
745 3720 900 3818 Ἀτρευς,
927 3719 1037 3816 σοφδς
1066 3719 1190 3816 σόφος,

99 3841 188 3940 χωρίς
211 3846 277 3911 τῶν
302 3839 489 3936 προθέσεων
512 3839 565 3908 καί
590 3844 656 3909 τῶν
681 3835 875 3919 συνδέσμων·
902 3836 956 3906 ε’πί
980 3833 1049 3932 γὰρ
1065 3838 1192 3908 τούτων

101 3954 301 4056 φυλάττουσι
318 3955 378 4037 τὴν
394 3951 501 4047 ὀξεῖαν
517 3949 628 4036 τᾶσιν,
646 3949 715 4022 οίον
732 3949 793 4022 ἆνᾶ
808 3948 894 4022 κατὰ
913 3948 965 4022 διὰ
982 3949 1066 4034 μετὰ
1085 3950 1239 4050 αιἰτᾶρ3ο

102 4067 179 4167 ιἰτδρ
191 4067 284 4166 πρός.
315 4064 451 4163 ““Υπὲρ
467 4067 543 4149 μίαν
557 4066 762 4153 συλλαβήν.”
789 4061 856 4135 Διὰ
872 4061 918 4135 τὰ
935 4065 1191 4151 μονοσύλλαβα·

103 4187 151 4257 ε’πί
164 4186 286 4256 τούτων
300 4181 369 4281 γὰρ
379 4179 593 4280 φυλάττουσι
611 4181 670 4264 τὴν
684 4179 790 4274 ὀξεῖαν
802 4178 912 4264 τιίσιν,
926 4178 995 4251 οἷον
1008 4179 1071 4274 νύξ,
1087 4179 1192 4274 Στύξ

106 4309 164 4378 πῶς
177 4299 243 4394 γὰρ
261 4298 409 4370 δύνανται
431 4295 477 4369 τὰ
498 4297 742 4384 μονοσύλλαβα
765 4295 986 4392 βαρύνεσθαι;
1016 4291 1193 4388 Ἀξιονδί

109 4419 171 4488 ἐστι
190 4414 329 4516 ζητῆσαι
347 4416 377 4485 εί
392 4411 457 4509 ὅρα
475 4417 493 4496 »5
510 4410 600 4511 ὀξεῖα
619 4411 673 4483 καί
697 4415 715 4494 »5
738 4413 858 4508 βαρεῖα
880 4410 923 4486 είς
946 4408 1192 4504 περισπωμίνην
