2954 5024
390 333 458 393 ΕΙΣ
479 333 536 394 ΤΟ
557 331 851 394 ΟΝΟΜΑΊἹΚΟΝ.
1111 347 1173 414 223

24 503 127 574 Καὶ
162 504 224 596 [ll.
239 502 283 573 λ’.
299 504 389 596 375.]

235 629 464 702 &wenemar-

27 733 194 804 Ταῦτα
210 731 267 814 μὲν
284 733 316 803 ἕν
331 733 474 809 τούτοις.

99 849 359 947 Προστιθίασι
383 847 418 920 δέ
438 879 523 927 τινες
546 851 631 920 “καὶ
654 849 754 948 χωρίς
776 854 843 921 τῶν
864 853 907 928 είς
923 852 997 932 ττι,”
1013 849 1122 934 ε’τειδή
1143 855 1177 922 οί

29 964 216 1061 τεχνικοί
234 963 398 1064 διαφόρου
413 963 508 1060 δόξης
524 967 659 1062 ἔχονται
676 967 752 1063 περὶ
769 967 904 1038 τούτων·
928 966 1015 1038 τοτὲ
1031 965 1089 1049 μὲν
1107 964 1175 1064 γὰρ
1183 995 1199 1056 5

32 1077 278 1179 δοξάζουσιν,
295 1082 349 1153 ὅτι
372 1080 418 1154 τὰ
441 1085 484 1159 είς
500 1111 541 1153 τις
557 1085 710 1175 λήγοντα
728 1083 760 1153 ἐν
776 1083 835 1166 μὲν
851 1090 894 1178 τῆ
911 1085 1014 1175 εὐθείᾳ
1032 1085 1177 1155 συστελ-

33 1206 167 1267 λουσι
194 1194 238 1267 τί)
260 1227 290 1281 ο,
315 1199 348 1268 ἕν
371 1197 405 1269 δὲ
428 1204 473 1291 τῆ
498 1204 608 1292 γενικῆ
630 1199 823 1270 ἐκτείνουσιν
845 1198 938 1284 αύτίι,
961 1196 1030 1270 οἷον
1048 1195 1177 1297 Φόρκυν

34 1313 247 1409 Φόρκυνος,
259 1313 288 1380 Γ
289 1313 387 1410 α’ρτυν
401 1314 576 1411 Γόρτυνος,
590 1313 678 1404 (ἔστι
698 1313 732 1384 δὲ
749 1315 852 1396 ὄνομα
869 1314 996 1392 πόλεως
1014 1313 1175 1412 Κρήτης)

38 1427 156 1499 ποτὲ
182 1427 216 1498 δὲ
236 1425 430 1528 δοξάζουσιν
453 1429 507 1500 ὅτι
530 1431 582 1500 καὶ
606 1430 639 1500 ἕν
655 1437 699 1524 τῆ
716 1431 819 1522 εὐθείᾳ
836 1431 1013 1502 ἐκτείνοντι
1030 1429 1073 1502 τδ
1090 1432 1176 1503 ςκαί

43 1545 85 1614 ἐν
114 1550 169 1638 τῆ
195 1549 315 1640 γενικῆ.
363 1543 557 1628 Ἐμάθομεν
580 1543 634 1617 οὖν
657 1545 746 1618 διατί
769 1545 814 1620 τὰ
840 1550 883 1624 είς
902 1575 942 1619 τι
963 1549 1000 1618 οιί
1025 1548 1222 1640 γίνονταιιο

45 1659 164 1758 παρὰ
183 1671 254 1738 τοῖς
265 1661 363 1732 Ἴωσι
380 1661 432 1732 διὰ
449 1669 512 1733 τοῦ
528 1692 551 1732 n
568 1663 621 1733 καί
640 1693 658 1733 ο
675 1660 761 1735 κατὰ
781 1665 842 1746 τήν
858 1665 994 1756 γενικήν,
1011 1661 1175 1748 ἐμάθομεν

49 1776 137 1874 γὰρ
165 1775 222 1848 ὅτι
245 1778 298 1848 ’ἵνα
322 1779 367 1862 μῆ
392 1779 526 1870 γίνηται
553 1782 571 1861 ή
596 1785 842 1875 παραλήγουσα
867 1786 926 1861 τῆς
950 1789 1176 1876 περιττοσυλ-

47 1889 184 1979 λάβον
200 1900 323 1985 γενικῆς
338 1891 455 1993 μείζων
469 1901 528 1977 τῆς
544 1895 710 1986 ληγούσης
724 1903 784 1978 τῆς
800 1892 881 1972 ι’δίας
897 1895 1027 1972 εύθείας.
1054 1893 1174 1968 Ταῦτα

51 2007 126 2091 μὲν
143 2011 181 2080 ἐν
196 2009 337 2086 τούτοις.
994 2097 999 2106 ⁴

106 2123 240 2219 Ἀξιον
252 2124 287 2197 δὲ
302 2126 376 2198 ε’στί
395 2121 535 2224 ζητῆσαι
553 2125 608 2197 ὅτι
625 2126 669 2209 μή
683 2125 840 2216 γενόμενα
853 2125 912 2208 τήν
927 2123 1000 2216 (τὰ)
1015 2129 1058 2204 είς
1069 2155 1108 2197 τε
1122 2125 1174 2198 διὰ
1187 2157 1221 2218 15

54 2249 130 2313 τοῦ
149 2271 174 2312 n
191 2243 243 2312 καί
262 2273 281 2312 ο
298 2238 385 2313 κατὰ
401 2243 461 2325 τήν
477 2242 602 2335 γενικῆν
619 2241 761 2317 Ἰωνικῶς
779 2239 869 2312 διατί
887 2241 932 2325 μῆ
949 2241 1104 2334 ἐγίνοντο
1122 2241 1175 2313 διδ

58 2365 132 2430 τοῦ
149 2388 162 2428 ι
181 2358 233 2428 καί
251 2389 270 2428 ο
289 2357 483 2440 Βοιωτικῆς,
505 2357 574 2428 οἷον
596 2356 700 2454 ταχύς
724 2357 855 2454 ταχίος,
880 2355 1003 2454 βραδύς
1027 2357 1175 2456 βραδίος,

59 2473 186 2570 ὥσπερ
211 2473 340 2557 Πηλεύς
366 2473 505 2556 Πηλίος,
530 2473 583 2544 καί
609 2471 791 2569 Ἀχιλλεύς
815 2469 1007 2568 Ἀχιλλίος.
1060 2473 1177 2554 Ούτως

63 2588 140 2687 γὰρ
154 2592 185 2660 εἶ
198 2590 362 2683 ἐγένοντο,
376 2590 480 2661 υύκέτι
498 2590 668 2686 ηὑρίσκετο
685 2592 704 2672 ή
721 2591 968 2685 παραλήγουσα
985 2598 1044 2672 τῆς
1060 2622 1176 2689 τεριτ-
1232 2654 1237 2666 .

63 2702 291 2794 τοσυλλάβου
307 2715 430 2799 γενικῆς
454 2703 571 2805 μείζων
591 2707 757 2799 ληγούσης
773 2714 833 2788 τῆς
850 2704 930 2782 ἰδίας
947 2707 1078 2792 εύθείος,
1096 2710 1174 2779 ἀλλ’
1186 2743 1223 2781 ιο

65 2822 127 2905 ἰ’ση
149 2820 234 2919 πρὸς
259 2824 368 2905 αύτήν.
410 2821 540 2894 Ἔστιν
565 2821 619 2893 ούν
645 2825 754 2903 εἰπεῖν,
780 2819 834 2891 δτι
859 2821 942 2892 τότε
966 2829 1118 2893 ποιοῦσιν
1143 2827 1176 2894 οί

69 2937 219 3010 Βοιωτοί
236 2939 296 3022 τῆν
313 2940 437 3031 γενικήν
454 2937 506 3010 διὰ
522 2945 584 3011 τοῦ
607 2969 618 3009 ι
641 2938 694 3009 καί
718 2969 749 3020 ο,
767 2938 855 3019 ήνίκα
880 2937 933 3007 καί
960 2941 993 3008 οί
1018 2937 1174 3011 Ἀττικοί

69 3061 204 3127 ποιοῦσι
223 3053 274 3125 διὰ
291 3061 354 3127 τοῦ
371 3086 390 3127 ιι
407 3057 460 3126 καί
478 3085 499 3126 ιι
517 3057 577 3138 τήν
594 3055 730 3147 γενικήν,
747 3054 799 3124 καί
823 3055 857 3124 οί
872 3052 983 3132 Ἴωνες
1000 3053 1052 3126 διὰ
1073 3062 1136 3128 τοῦ
1152 3087 1175 3128 ιε

70 3174 123 3242 καί
148 3203 179 3252 ο,
203 3170 272 3242 οἷον
291 3169 419 3254 Πηλεύς
436 3171 574 3256 Πηλέως
595 3171 732 3254 Πηλῆος
756 3171 808 3241 καί
836 3169 977 3254 Πηλίος,
995 3169 1176 3269 Ἀχιλλεύς

70 3287 261 3384 Ἀχιλλέως
277 3285 464 3384 Ἀχιλλῆος
479 3289 531 3359 καί
553 3287 743 3384 Ἀχιλλίος.
793 3285 933 3370 Ἐπειδὴ
952 3285 1005 3358 υθν
1022 3289 1076 3359 ε’τί
1099 3289 1223 3382 τού-ιη

72 3435 139 3474 των
155 3409 222 3475 τῶν
239 3405 282 3480 είς
299 3433 337 3474 τι
354 3406 409 3474 οὐκ
426 3405 584 3487 ἐποίησαν
601 3407 633 3474 οί
650 3401 808 3474 Ἀττικοί
825 3403 886 3484 τῆν
902 3405 1028 3494 γενικήν
1046 3401 1097 3472 διὰ
1115 3409 1177 3473 τοῦ

74 3551 94 3590 κ
112 3520 166 3590 καί
184 3549 217 3601 ο,
235 3520 311 3590 ούτε
336 3521 368 3589 οί
385 3519 493 3596 Ἴωνες
516 3518 567 3590 διὰ
593 3526 654 3591 τοῦ
678 3549 700 3590 u
723 3519 775 3590 καί
799 3551 830 3599 ο,
847 3518 969 3590 τούτου
984 3516 1084 3616 χάριν
1100 3521 1178 3588 οὔτε

75 3639 109 3706 αι’
125 3635 271 3705 Βοιωτοί
288 3635 445 3717 ἑτοίησαν
462 3633 515 3706 διὰ
532 3642 594 3706 τοῦ
611 3667 621 3707 ι
640 3637 693 3706 καί
712 3667 742 3707 ο.
774 3635 892 3705 Ταύτα
909 3632 967 3717 μὲν
984 3636 1016 3706 ἐν
1032 3635 1176 3710 τούτοις.

2 3751 62 3832 νηί)
126 3747 241 3821 Πάλιν
257 3747 349 3843 ἄξιον
365 3751 440 3822 ἐστὶ
464 3747 604 3848 ζητῆσαι
628 3751 682 3823 ὅτι
706 3751 750 3834 μή
768 3751 925 3842 γενόμενα
939 3748 987 3822 τὰ
1008 3753 1051 3828 είς
1067 3779 1106 3822 τυ
1124 3748 1177 3822 διὰ

73 3874 138 3940 τοῦ
156 3897 176 3937 υ
193 3866 245 3936 καί
262 3895 284 3936 ο
300 3867 466 3944 Ἀττικῶς
482 3865 568 3938 κατὰ
584 3869 644 3950 τήν
662 3867 796 3960 γενικήν,
814 3871 899 3949 μήτε
919 3863 971 3938 διὰ
995 3873 1061 3938 τοῦ
1083 3897 1105 3937 n
1123 3867 1176 3938 καί
1187 3898 1226 3956 30

77 4017 95 4056 o
114 3982 269 4063 Ἰωνικῶς,
287 3986 372 4064 μήτε
389 3981 440 4053 διὰ
460 3989 522 4052 τοῦ
545 4013 556 4053 1
581 3985 632 4054 καί
660 4015 679 4053 ο
703 3985 898 4065 Βοιωτικῶς,
922 3975 1020 4056 διατί
1035 3985 1079 4068 μή
1106 3985 1179 4076 ἐγέ-

77 4131 172 4172 νοντο
197 4098 283 4171 κατὰ
308 4104 423 4196 κρᾶσιν
448 4106 511 4171 τοῦ
534 4131 553 4172 κ
577 4101 628 4171 καί
651 4131 670 4170 ο
691 4103 733 4178 είς
749 4100 809 4183 τήν
827 4129 867 4170 ow
885 4097 1089 4197 δίφθογγον,
1108 4100 1178 4170 οἷον

76 4217 198 4313 ταχέας
213 4223 347 4312 ταχυῦς,
363 4215 504 4314 βραδέος
520 4215 673 4314 βραδοῡς,
688 4213 802 4312 ὥσπερ
820 4217 1049 4298 Δημοσθένεος
1065 4218 1179 4298 Δημο-

77 4335 216 4415 σθένους,
242 4333 274 4403 ἒν
298 4339 410 4424 τούτῷ
432 4331 467 4404 δὲ
492 4330 661 4433 ζητοῦμεν,
682 4329 772 4402 διατί
796 4331 851 4400 ἐπὶ
876 4329 935 4414 μὲν
958 4336 1024 4402 τῶν
1049 4334 1092 4407 είς
1118 4361 1179 4402 τετε

78 4453 141 4521 τῶν
162 4449 307 4546 ε’χόντων
329 4447 398 4546 τρδ
420 4456 481 4521 τοῦ
502 4479 521 4522 ιι
541 4448 718 4546 σύμφωνον
741 4449 777 4518 ού
798 4449 927 4540 γίνεται
953 4451 1069 4542 κρᾶσις
1092 4445 1178 4518 κατὰ
1188 4480 1224 4538 35
