2966 5014
24 322 55 388 ε’.
395 331 462 392 ΕΙΣ
483 330 539 392 ΤΟ
561 329 854 399 οΝοΜΑΤΙΚΟΝ.
1111 322 1169 404 1-63

65 497 170 596 ὀρθός
196 500 249 572 καὶ
274 498 438 583 κλητικᾶε,
455 496 524 570 οἷον
541 500 560 570 ὁ
578 497 672 577 Αἴας,
685 499 713 571 ιό
727 495 823 582 Αἴας,
841 499 860 568 ό
879 495 968 574 Θόας
992 496 1017 567 ιό
1034 493 1133 575 Θόας,
1151 495 1170 566 ὁ

64 617 211 712 κοχλίας
231 615 422 713 θκαχλόας,
438 616 493 686 έτὶ
510 620 576 688 τῶν
591 618 635 692 εἰς
653 645 696 686 ιιι
713 617 756 692 εἰς
773 643 833 692 ατε
849 613 991 712 ἐχόντων
1007 613 1067 696 τῆν
1085 640 1171 704 γενι-

64 732 119 814 κῆν
138 733 256 830 κυρίων
277 732 341 828 οόχ
366 733 567 830 εὑρίσκονται
593 738 762 808 ποιοῦντες
786 731 962 828 ὁμόφωνον
981 729 1041 812 τῆν
1057 735 1171 810 κλητε-

64 848 119 929 κῆν
134 854 181 941 τῆ
202 848 316 938 εόθεῖᾳ,
334 849 374 925 ὧς
390 847 526 945 εἴρηται.
553 846 638 920 Οθόέ
655 845 723 945 γὰρ
740 848 896 942 λέγουσιν
912 847 939 918 (ό
953 840 1171 942 Ἀριστοφά-

64 995 115 1046 νης
139 966 198 1036 καὶ
221 966 485 1050 όΔημοσθένης,
502 966 578 1038 ἄλλ’
597 961 875 1062 ιόἈριστοφόνη
900 963 953 1036 καὶ
978 961 1195 1046 ιόΔιομῆόη5

15 1079 115 1168 mal
131 1083 162 1152 ὦ
178 1080 386 1165 Δημοσθένη.
430 1081 494 1154 Δεῖ
508 1078 542 1151 δέ
558 1085 751 1178 προσθεῖναι
775 1079 829 1154 ότι
851 1080 884 1150 έν
900 1089 972 1156 τοῖς
995 1081 1037 1156 εἷς
1062 1108 1103 1150 πε
1127 1080 1170 1156 εἰς

66 1226 123 1267 οτι
148 1198 269 1294 ἔχουσι
294 1197 355 1280 τῆν
379 1196 516 1289 γενικῆν,
544 1194 616 1268 οόσι
641 1193 734 1293 παρὰ
761 1192 804 1267 τό
831 1195 934 1277 κλέος,
961 1199 1110 1264 ποιοῦσιν
1137 1195 1170 1266 οἱ

61 1309 240 1395 Ἀθηναῖοι
265 1313 326 1396 τῆν
342 1313 440 1396 αὖτῆν
456 1311 556 1410 όρθῆν
576 1312 629 1386 καὶ
652 1311 814 1395 κλητικῆν,
832 1308 902 1384 οἷον
918 1311 937 1382 ὁ
955 1310 1121 1394 Νικοκλῆς
1143 1307 1169 1382 ὦ

64 1425 246 1512 Νικοκλῆς,
272 1428 291 1499 ό
318 1427 483 1526 Περικλῆς
502 1427 530 1500 (ό
551 1425 727 1524 Περικλῆς,
752 1429 771 1498 ὁ
798 1427 978 1525 Σοφοκλῆς
1000 1427 1027 1500 (ό
1049 1427 1168 1526 Σοφο·

64 1550 151 1627 κλῆς,
179 1545 200 1615 ό
224 1543 396 1642 Ἡρακλῆς
420 1543 447 1617 ὦ
464 1544 646 1642 Ἡρακλῆς.
690 1543 896 1641 Πρόσκειται
914 1545 1062 1642 ἀνωτέρω
1078 1555 1100 1587 “
1113 1544 1166 1616 ἐπὶ
1182 1573 1216 1612 10

63 1664 128 1730 τῶν
148 1661 294 1758 κνρέων,”
312 1660 419 1744 έπειόῆ
439 1661 493 1732 έπῖ
509 1665 575 1734 πῶν
591 1660 747 1735 έπιθέτων
764 1660 841 1756 παρ’
861 1661 971 1738 αι’ντοῖς
995 1661 1167 1757 ὁμόφωνος

64 1777 158 1850 έστὶν
181 1780 201 1859 ῆ
227 1778 363 1860 κλητικῆ
386 1783 429 1872 τῆ
451 1777 565 1871 εὖθεῖᾳ,
582 1775 651 1850 οἷον
671 1777 690 1847 ὁ
708 1774 869 1873 όνστυχῆς
890 1777 917 1850 (ό
941 1775 1110 1874 όυσπνχῆς,
1127 1779 1167 1854 ὡς

64 1890 158 1990 παρὰ
176 1889 369 1989 Μενάνδρῳ,

138 2069 141 2072 .
232 2014 254 2077 ιό
266 2019 407 2091 δυστυχὴς,
422 2019 449 2076 τί
460 2019 491 2076 οὗ
504 2017 644 2086 καθεύδεις,

68 2122 118 2192 καὶ
135 2123 191 2196 έπῖ
210 2127 275 2196 τῶν
291 2129 415 2196 λοιπῶν
431 2125 548 2206 ὁμοίως
564 2124 731 2198 ε’πιθέτων.
1179 2137 1212 2197 ¹5

116 2238 250 2312 Ἰστέον
283 2239 337 2314 ὅτι
370 2237 439 2312 ἆπό
470 2247 530 2322 τῆς
559 2238 766 2322 Δημοσθένεῖ
792 2236 919 2322 δοτικῆς
946 2241 1066 2332 γέγονε
1096 2241 1165 2324 Δη-

70 2355 225 2434 μοσθένεε
239 2360 352 2452 τροπῆ
366 2360 429 2426 τοῦ
445 2385 457 2427 ι
475 2357 518 2432 εἶς
542 2385 571 2436 ε,
588 2353 701 2452 ὥσπερ
718 2351 840 2428 Αἴαντι
857 2353 993 2438 Αἴαντε,
1011 2357 1063 2431 καὶ
1080 2354 1165 2428 κατὰ

69 2473 184 2565 κρᾶσιν
196 2475 262 2549 τῶν
279 2469 334 2541 όόο
352 2499 393 2542 nu
410 2471 453 2546 εἷς
471 2499 492 2542 n
511 2471 637 2562 γίνεται
656 2470 861 2554 Δημοσθένη.

118 2587 249 2658 Ἰστέον
276 2586 330 2657 ὅτι
361 2584 472 2683 ὥσπερ
499 2583 567 2658 ἀπὸ
596 2591 658 2656 τοῦ
687 2587 813 2658 Αἴαντε
840 2589 965 2679 γίνεται
993 2585 1165 2674 Αἶόντοιν,

71 2699 153 2774 οὗτοι
165 2702 221 2774 καὶ
237 2699 305 2772 ἀπό
317 2707 379 2773 τοῦ
392 2702 598 2784 Δημοσθένεε
611 2701 737 2792 γίνεται
752 2703 1001 2783 Δημοσθενέοιν,
1014 2705 1066 2776 καὶ
1080 2703 1163 2776 κατὰ
1177 2739 1213 2778 20

69 2820 183 2912 κρᾶσιν
206 2824 267 2890 τοῦ
292 2847 312 2888 ιι
340 2816 392 2890 καὶ
417 2825 477 2899 τῆς
503 2847 535 2892 01
563 2815 757 2914 όιφθόγγου
785 2817 1019 2900 Δημοσθενοΐν.
1064 2818 1166 2916 Περι-

70 2936 197 3006 σπᾶται
223 2930 319 3004 δὲτὸ
338 2933 574 3017 Δημοσθενοῖν,
590 2931 698 3016 έπειόῆ
716 2936 734 3015 ῆ
752 2930 841 3026 όξεῖα
866 2934 918 3005 καὶ
940 2937 958 3016 ῆ
982 2935 1102 3030 βαρεῖα
1123 2938 1165 3014 εἰς

69 3049 313 3144 παρισταμένην
338 3050 563 3146 συνέρχονται,
590 3045 659 3124 οἷον
686 3046 762 3126 πάϊς
790 3060 878 3134 παῖς,
906 3049 1020 3134 Πηλέϊ
1046 3051 1164 3136 Πηλεῖ,

71 3162 195 3255 εὖγενέα
221 3166 341 3258 εὐγενῆ,
364 3165 512 3253 εὐσεβέος
537 3166 699 3252 εὐσεβοῦς,
717 3164 816 3246 οὕτως
842 3164 895 3238 οὖν
919 3167 971 3238 καὶ
990 3169 1166 3250 Δημοσθε-

71 3278 146 3352 νόοιν
163 3280 216 3362 καὶ
235 3283 459 3365 Δημοσθενοῖν
475 3282 733 3378 περισπωμένως.
778 3283 922 3354 Δόναται
947 3281 981 3354 δέ
1000 3284 1053 3354 καὶ
1078 3283 1163 3356 κατὰ
1176 3311 1190 3349 2
1195 3309 1211 3368 5

70 3390 173 3468 ἄλλον
188 3397 318 3492 τρόπον
343 3397 494 3490 γενέσθαι
520 3396 563 3470 τό
581 3399 816 3481 Δημοσθενοῖν.
861 3398 971 3470 Ἔστι
991 3398 1165 3481 Δημοσθε-

72 3512 158 3596 νέοιν,
183 3512 236 3584 καὶ
260 3511 346 3585 κατὰ
371 3516 487 3611 κρᾶσιν
511 3519 574 3586 τοῦ
600 3544 619 3586 ιι
643 3515 695 3586 καὶ
719 3545 738 3585 ο
763 3517 806 3594 εἰς
827 3515 888 3596 τῆν
913 3543 951 3584 ος
971 3511 1164 3610 δίφθογγον

71 3628 195 3717 γίνεται
213 3630 465 3714 Δημοσθενοῦϊν,
481 3630 534 3700 καὶ
552 3627 660 3712 έπειόῆ
677 3631 756 3726 τρία
774 3632 942 3727 φωνήεντα
960 3631 992 3702 έν
1008 3635 1069 3720 μιᾷ
1084 3637 1164 3700 συλ-

71 3747 158 3842 λοβῆ
185 3745 342 3816 ἆόόνοτον
366 3741 701 3842 παραλαμβάνεσθαι,
732 3743 856 3838 ἆνόγκη
885 3746 976 3818 έστῖν
1000 3743 1039 3840 ἐξ
1060 3747 1164 3818 αὐτῶν

73 3858 298 3950 ότοβληθῆναι
323 3859 365 3934 τό
385 3861 502 3947 έν,καῖ
522 3859 639 3945 τὸμὲν
663 3893 682 3932 ο
706 3862 936 3949 ἅπαβληθῆναι
963 3863 999 3932 αὖ
1020 3861 1162 3948 δύναται,
1172 3903 1211 3960 30

73 3974 175 4061 έκειόῆ
186 3976 343 4050 οὐδέποτε
353 3975 439 4061 μετὰ
451 3984 513 4051 τοῦ
522 4007 554 4049 ἰι
566 3976 759 4075 όιφθόγγον
769 3979 1006 4075 ἐπιφερομένου
1019 3977 1163 4073 (όμενον)

71 4095 241 4193 σύμφωνον
258 4095 449 4191 εὑρίσκεται,
467 4090 536 4166 οἷον
550 4103 637 4177 μυῖα,
654 4091 788 4191 ἅρπυια,
805 4093 880 4172 υἱός.
907 4093 991 4165 Ἐὰν
1009 4092 1062 4165 οὖν
1079 4094 1164 4164 ἆπο-

72 4210 177 4307 βληθῆ
200 4210 244 4284 τὸ
268 4242 298 4293 ο,
321 4212 436 4293 μέλλει
460 4208 544 4296 μετὰ
560 4215 623 4281 τοῦ
639 4240 672 4282 οι
690 4208 884 4306 όιφθόγγου
901 4211 1076 4308 σόμφωνον
1093 4211 1164 4280 ε’πι-

72 4329 227 4423 φέρεσθαι
244 4325 287 4400 τό
305 4358 338 4410 ιι,
356 4328 438 4426 ὅπερ
456 4328 547 4400 ἐστὶν
565 4325 731 4399 ἀδύνατον.
773 4324 827 4398 Τό
845 4325 879 4397 όὲ
896 4358 906 4398 1
930 4329 1161 4414 ἆποβληθῆναι

73 4442 103 4512 οὐ
126 4442 269 4528 όόναται,
294 4441 402 4528 ε’τειόῆ
425 4445 520 4516 πᾶσα
546 4440 658 4524 όοτικῆ
683 4442 736 4517 ἐπὶ
768 4439 891 4518 παντὸς
913 4442 1054 4539 ἀριθμοῦ
1080 4439 1122 4514 τό
1150 4459 1207 4522 135

585 4577 608 4620 Y
625 4573 644 4622 2
