2958 5018
12 326 59 388 ι’.
415 335 482 394 ΕΙΣ
503 333 559 394 ΤΟ
582 333 874 397 ΟΝΟΜΑΤΙΚΟΝ.
1133 351 1193 417 273

76 503 108 572 οἳ
136 503 347 601 τριβολέτερ
372 503 547 580 Αίολικῶς·
579 503 667 594 (ἔστι
694 503 728 576 δὲ
751 503 835 581 ’κίδος
860 502 1021 600 ἀκάνθης.)
1074 503 1195 602 Πρόσ-

75 647 193 688 κειται
217 617 289 689 δὲ·“
303 617 556 712 ψευθαιολικόν”
572 618 680 703 έπειθή
706 621 761 690 οιίκ
786 621 860 692 ἔστι
887 619 996 718 κυρίως
1020 619 1191 691 Αίολικόν.

76 733 135 804 Οἱ
152 732 223 830 γὰρ
241 733 377 812 Αίολιῖς
394 734 477 806 τότε
494 733 719 805 συστέλλουσι
733 733 776 804 τὸ
794 765 813 806 ιι
831 737 863 804 ἐν
879 742 922 828 τῇ
937 741 1086 828 κλητικῇ,
1104 736 1191 816 ήνίκα

75 851 130 932 μή
149 855 261 946 μακρᾷ
279 855 524 948 παραλήγεται,
539 849 651 932 οίον,ὁ
668 852 812 938 βαλέτης
826 849 1064 947 (τριβολέτηρ)
1081 851 1193 947 ῶτρι-

79 965 252 1062 βολέτερ.
275 965 397 1036 Ἠνίκα
412 963 480 1062 γὰρ
493 971 608 1061 μακρᾷΙ
618 969 850 1062 παραλήγεται
865 967 900 1036 αὖ
912 966 1134 1037 συστέλλουσι
1149 965 1218 1040 τό5

79 1110 106 1150 n
124 1082 172 1156 είς
184 1079 229 1152 τῶ
247 1111 267 1152 n
284 1083 316 1150 έν
328 1087 371 1175 τῇ
389 1087 525 1174 κλητικῇ
537 1135 632 1153 .....
644 1079 734 1178 παρὰ
752 1091 823 1157 τοῖς
836 1080 1007 1151 Αἰολεῦσι·
1025 1081 1192 1179 (χρηστήρ

74 1194 117 1265 δέ
141 1197 271 1267 έστινὸ
292 1197 446 1294 παρέχων
463 1198 658 1293 χρησμούς.)
709 1194 762 1268 Τὸ
779 1195 832 1266 οόν
849 1202 956 1294 σῶτερ
972 1196 1098 1294 μακρὰν
1113 1199 1192 1293 ἔχον

72 1313 144 1393 τήν
161 1317 427 1410 παραλήγουσαν
451 1315 488 1383 οὗ
514 1312 645 1384 δύναται
672 1321 875 1396 συσταλῆναι
901 1311 992 1410 παρὰ
1014 1323 1086 1390 τοῖς
1107 1315 1192 1383 Αίο-

74 1434 191 1499 λεῦσι·
215 1427 268 1499 διὰ
285 1435 390 1500 τοῦτο
408 1426 462 1499 οῶυ
475 1431 652 1526 εἰρήκαμεν,
665 1429 719 1500 ὅτι
738 1426 971 1522 ψευθαιολικόν
982 1429 1074 1500 ἐστίν
1086 1429 1137 1499 καί
1155 1430 1192 1499 οὗ

79 1545 200 1641 κυρίως
212 1543 386 1615 Αίολικόν.
416 1545 545 1616 Ἰστέον
558 1543 592 1616 δέ
605 1545 659 1616 ὅτι
676 1543 721 1616 τὰ
738 1543 823 1644 ἄνερ,
837 1543 954 1642 πάτερ,
968 1551 1088 1643 σῶτερ,
1101 1542 1189 1644 διίερ,
1203 1573 1238 1612 ιο

73 1661 308 1732 συστείλαντα
333 1659 377 1732 τὸ
402 1691 423 1731 ιι
447 1664 489 1738 είς
513 1659 556 1732 τὸ
576 1691 595 1732 ιι
613 1663 645 1731 έν
661 1668 703 1755 τῇ
726 1668 870 1754 κλητικῇ,
888 1662 1030 1754 εὐλόγως
1055 1663 1190 1759 ἐβαρύν-

75 1782 198 1858 θησαν.
253 1774 308 1846 Τὰ
327 1777 396 1874 γὰρ
414 1777 456 1852 εἷς
475 1806 493 1846 ι»
509 1780 662 1868 λήγοντα
687 1774 993 1874 βραχνκατάληκτα
1015 1775 1096 1874 ὑπὲρ
1112 1779 1188 1860 μίαν

74 1892 257 1980 συλλαβήν
273 1892 542 1989 ἆποστρέφοντα
568 1893 628 1974 τήν
649 1890 757 1986 ὀξεῖαν
774 1890 882 1975 τάσιν,
905 1894 1005 1989 χωρὶς
1028 1901 1086 1976 τῆς
1108 1891 1187 1990 ὑπὲρ

74 2008 267 2106 προθέσεως
291 2008 344 2078 καί
369 2014 431 2078 τοῦ
455 2005 542 2107 ἆτᾶρ
569 2008 748 2094 συνδέσμου
772 2008 824 2080 καί
850 2007 964 2105 αὐτὰρ,
983 2005 1051 2079 οἷον
1067 2007 1187 2107 μα’κορ,

75 2123 188 2221 ἄφαρ,
207 2125 301 2220 ἦτορ,
319 2125 420 2220 ήπορ,
436 2125 506 2222 ἔαρ,
526 2127 648 2223 φρέαρ,
671 2125 796 2223 δέλεαρ,
816 2126 933 2222 στέαρ,
953 2127 1071 2222 ὄνειαρ,
1089 2125 1188 2204 οὕτως
1200 2155 1209 2193 ι
1217 2151 1232 2212 5

76 2237 133 2308 οὖν
150 2239 204 2309 καί
229 2236 316 2335 ἄνερ,
337 2236 457 2337 πάτερ,
484 2248 603 2339 σῶτερ,
629 2239 705 2338 θοίερ
732 2241 927 2339 βαρυτόνως.
980 2240 1185 2337 Πρόσκειται

79 2366 99 2400 “
112 2351 452 2452 βραχυκατᾶληκτα,”
487 2355 538 2427 διὰ
573 2355 616 2427 τὸ
651 2357 762 2454 πατήρ
796 2356 848 2426 καί
882 2355 960 2452 ἀνήρ
1000 2355 1184 2450 ὀξυνόμενα.

81 2471 290 2569 Πρόσκειται
308 2481 328 2512 “
340 2470 421 2568 ὑπὲρ
447 2473 523 2554 μίαν
549 2473 751 2559 συλλαβήν,”
771 2471 822 2544 διὰ
839 2471 899 2543 τὸν
916 2469 984 2568 γὰρ
1008 2470 1185 2554 σύνδεσμον

78 2587 278 2682 ὁξυνόμενον,
297 2587 391 2663 οθτος
417 2586 485 2685 γὰρ
511 2590 826 2686 βραχυκοταληκτεῖ
849 2588 901 2658 καί
929 2586 1085 2682 ὀξύνεται,
1105 2588 1184 2658 ἀλλ’

79 2705 136 2773 οὐκ
152 2706 244 2775 ἔστιν
260 2703 340 2800 ὑπὲρ
356 2703 433 2786 μίαν
450 2707 635 2792 συλλαβήν.
1195 2735 1232 2774 ιο

131 2831 150 2860 “
169 2817 228 2889 Τιὸ
246 2819 414 2902 Ἀλκμᾶνε
429 2830 502 2890 τοῖν
520 2817 722 2902 Ἀλκμοίνοιν
739 2821 764 2888 ῶ
781 2818 959 2902 Ἀλκμᾶνι,
977 2819 1129 2913 είρηται.”

129 2949 149 2976 “
166 2934 214 3005 Οἱ
227 2935 414 3018 Ἀλκμᾶνες
429 2941 496 3007 τῶν
514 2933 709 3018 Ἀλκμοίνων
725 2945 797 3011 τοῖς
813 2933 1016 3016 Ἀλκμᾶσι.”

131 3048 346 3150 Κανονίζεται
374 3055 391 3133 ή
418 3050 529 3132 θοτική
554 3057 619 3122 τῶν
645 3056 867 3134 πληθυντικῶν
884 3047 952 3120 ἀπὸ
975 3057 1034 3133 τῆς
1054 3049 1182 3133 δοτικῆς

78 3171 143 3236 τῶν
169 3168 282 3237 ἑνικῶν·
321 3168 440 3263 ἔχομεν
470 3165 539 3265 γὰρ
568 3169 601 3238 έν
629 3179 701 3245 τοῖς
731 3169 974 3265 προλαβοῦσιν,
1000 3167 1054 3238 ὅτι
1084 3171 1180 3239 παῖσα

80 3281 190 3364 δοτική
207 3283 311 3352 ἑνικῶν
328 3285 370 3359 είς
397 3313 432 3354 ιιι
456 3288 620 3375 λήγουσα,
646 3285 690 3366 μή
714 3281 796 3354 οὖσα
819 3281 904 3354 κατὰ
924 3281 1227 3378 μεταπλασμόν,ο5

12 3403 187 3498 γὺτροπή
215 3403 276 3468 τοῦ
312 3427 333 3469 ιι
361 3401 404 3475 εἰς
433 3429 450 3470 2
479 3401 539 3482 τήν
570 3399 699 3482 δοτικήν
728 3405 793 3470 τῶν
827 3403 1049 3480 πληθυντικῶν
1083 3409 1179 3469 ποιεῖ.

79 3511 170 3596 Οἷον,
194 3514 289 3609 φρενί
316 3515 447 3612 φρεσίν,
474 3515 581 3612 αὐχένι
609 3517 735 3612 αὐχέσι,
760 3515 887 3597 ποιμένι
914 3515 1060 3595 ποιμέσι,
1081 3512 1181 3584 Πλά-

78 3659 152 3699 τωνι
170 3627 349 3716 Πλάτωσι,
366 3631 494 3702 τέκτονι
520 3633 668 3714 τέκτοσι,
687 3631 811 3724 γείτονι
839 3630 981 3722 γείτοσι,
1000 3627 1101 3707 οὕτως
1126 3628 1179 3702 οθν

79 3745 129 3814 καί
144 3744 309 3829 Ἀλκμᾶνι
324 3745 522 3830 Ἀλκμῶσι.“
556 3747 763 3844 Πρόσκειται
783 3759 803 3788 “
814 3747 857 3830 μή
875 3743 957 3817 οθσα
975 3744 1060 3817 κατὰ
1078 3778 1179 3830 μετα-

80 3859 251 3943 τλασμῶν”
276 3862 385 3945 ἐπειδή
411 3865 484 3934 έστι
510 3871 554 3958 τῇ
579 3867 694 3958 ι’σμήνη
725 3865 776 3934 καὶ
806 3869 849 3957 τῇ
875 3860 1012 3956 Δωδώνη
1041 3860 1092 3933 διὰ
1117 3870 1179 3934 τοῦ
1188 3895 1226 3951 30

81 4006 102 4046 ιι
119 3976 169 4047 καί
191 4006 213 4058 ι,
236 3977 288 4047 καί
316 3979 441 4070 γίνεται
468 3978 552 4051 κατὰ
582 3978 828 4063 μεταπλασμόυ
852 3985 894 4074 τῇ
923 3981 1031 4062 ι’σμῆνι
1058 3980 1109 4049 καὶ
1135 3985 1177 4072 τῇ

81 4091 203 4164 Δωθῶνι
218 4092 269 4164 διὰ
285 4101 348 4165 τοῦ
365 4125 376 4164 ι
394 4095 503 4178 μόνου,
517 4092 586 4166 οίον
599 4098 638 4172 ὡς
656 4094 747 4194 παρὰ
764 4101 813 4187 τῷ
832 4098 964 4189 ποιητῇ,
982 4098 1037 4188 [ΙΙ.
1050 4095 1091 4166 θ’.
1103 4096 1171 4185 56.]

235 4217 327 4288 μέμονε
341 4219 370 4274 δὲ
384 4221 425 4275 καὶ
439 4222 527 4292 ίσμήνι
544 4221 658 4293 (ὑσμῖνι)
674 4221 813 4293 μάχεσθαι.

82 4329 146 4400 Καί
164 4329 253 4428 παρὰ
272 4330 486 4428 Καλλιμάχῳ
511 4339 577 4422 [Fr.
596 4333 688 4424 306.]

234 4465 269 4536 μή
283 4469 374 4535 μετὸν
389 4467 415 4520 έν
430 4467 533 4521 Δωθῶνι
547 4469 609 4538 λέγε
623 4468 702 4534 μόνον

618 4579 638 4622 N
656 4581 675 4620 n
