2954 5024
9 321 58 398 ις’.
402 331 470 394 ΕΙΣ
491 331 547 392 ΤΟ
569 332 862 395 ONOMATIKON.
903 397 908 407 ,
1120 345 1180 417 257

69 494 211 576 πάντας
227 499 306 577 Ιτούς
329 499 460 578 δούλους
480 498 637 580 Ε’ἰλωτας
658 507 796 574 καλοῦσι
821 501 906 600 πρδς
928 501 1024 601 ύβριν
1045 505 1181 592 τούτων,

70 616 171 710 φημί
194 613 232 699 δῆ
253 621 319 688 τῶν
340 615 400 698 τῆν
421 615 629 700 Μεσηνιακῆν
646 617 817 690 οἰκούντων
832 627 891 702 τῆς
909 617 1180 702 Πελοποννήσου.

71 727 203 803 Ταῦτα
220 731 278 815 μὲν
293 731 326 802 ἐν
341 732 483 809 τούτοις.
741 735 744 744 ⁴

126 845 263 920 Ἰσπύον
278 845 313 919 δὲ
329 847 385 920 δτι
401 845 573 931 Ἀθηναῖοι
589 848 644 919 ίπί
660 848 787 921 τούτων
802 846 934 922 πάντων
951 850 1182 940 ἰσοσύλλαβον

72 969 253 1036 ποιοῦνται
278 963 396 1036 κλίσιν·
422 969 486 1036 τοῦ
510 962 600 1058 γε’λω
622 961 690 1060 γίιρ
706 963 759 1036 καί
775 971 837 1038 τού
853 965 949 1038 Μίνω
964 966 1017 1038 καί
1034 973 1096 1039 τοῦ
1115 965 1205 1064 ῆρωε

73 1078 250 1172 λόγοισιν·
276 1079 350 1176 περί
371 1077 406 1151 δί
427 1086 486 1161 τῆς
507 1079 642 1156 κλίσεως
658 1079 784 1152 τούτων
799 1081 832 1152 ἰν
846 1087 889 1176 τῆ
904 1083 980 1180 περὶ
997 1089 1059 1156 τοῦ
1075 1082 1181 1155 Μενύ-

73 1203 162 1273 λεως
177 1193 371 1288 διδασκαλίᾳ
388 1195 507 1291 ἔχομεν
523 1199 652 1288 γνῶναι.
695 1195 814 1269 Ταῦτα
829 1195 888 1282 μίν
903 1199 936 1269 ἰν
950 1200 1092 1276 τούτοις.

121 1309 250 1405 Ἀξιον
266 1310 340 1384 ἰστί
358 1307 498 1410 ζητῆσαι
516 1307 569 1382 διὰ
589 1310 688 1382 ποίαν
704 1312 813 1386 αἰτίαν
832 1311 875 1386 τδ
899 1312 980 1412 ῆρως
1001 1312 1102 1412 ῆρωος
1125 1315 1182 1384 ούκ

76 1425 255 1498 ἐπεκτείνει
275 1423 320 1498 τδ
338 1455 358 1496 ο
375 1425 419 1502 εἰς
433 1421 476 1497 τό
497 1454 519 1496 α
540 1423 705 1504 Ἀττικῶς
728 1425 814 1500 κατὰ
838 1428 899 1512 τῆν
924 1433 1059 1522 γενικήν.
1110 1428 1181 1500 Καί

76 1539 223 1634 λέγουσι
240 1539 333 1624 τινὲς,
345 1539 400 1614 ότι
418 1537 471 1612 διὰ
487 1545 591 1612 τοῦτο
607 1539 651 1613 τδ
667 1539 747 1638 ῆρως
762 1541 863 1640 ἥρωος
879 1543 935 1616 ούκ
951 1545 1121 1617 ἐπεκτείνει
1137 1541 1181 1616 τό
1193 1569 1230 1610 ¹0

79 1687 100 1730 ο
117 1659 170 1734 εἰς
180 1654 224 1730 τδ
241 1687 263 1728 ιι
280 1655 442 1734 Ἀττικῶς
458 1655 544 1729 κατὰ
560 1657 621 1740 τῆν
638 1657 773 1750 γενικῆν,
789 1661 842 1730 ’ίνα
857 1659 903 1742 μῆ
927 1661 1036 1757 εύριθῆ
1054 1659 1182 1730 ιἰλλιττ-

79 1768 233 1854 άλληλον
261 1769 305 1844 τδ
334 1802 369 1858 α,
397 1771 450 1843 καί
480 1775 590 1869 εύρεθῆ
619 1769 687 1870 πρὸ
720 1770 893 1870 τεσσάρων
921 1773 1046 1870 χρόνων
1074 1774 1181 1860 τόνος,

80 1885 167 1982 ὅπερ
188 1885 280 1957 ε’στίυ
300 1884 467 1959 ιἰδύνατον·
494 1885 652 1958 ούδέποτε
674 1885 742 1984 γὰρ
767 1885 835 1984 πρὸ
860 1884 1031 1984 τεσσάρων
1056 1890 1182 1986 χρόνων

80 2001 180 2078 τόνος
205 2001 332 2073 πίπτει.
384 2001 490 2075 Οδτοι
517 2003 572 2074 ούκ
594 2002 736 2099 ἀκριβῶς
759 2003 925 2096 λέγουσιν·
951 2006 991 2082 ὡς
1012 2001 1080 2102 γὰρ
1104 2003 1183 2090 ε’μό-

82 2121 184 2201 θομευ
199 2117 232 2188 ἐν
247 2127 318 2194 τοῖς
334 2117 577 2213 πραλαβοῦσιν,
594 2119 627 2189 οἰ
644 2115 807 2188 Ἀττικοί·
821 2117 876 2188 ἰπί
897 2123 962 2189 τῶν
979 2120 1183 2216 καθαριευόν-
1194 2147 1227 2209 15

81 2263 149 2305 των
165 2233 355 2312 ε’κτείνοντες
371 2230 415 2306 τδ
434 2264 453 2304 ο
471 2235 513 2310 εἰς
529 2231 572 2306 τδ
589 2262 611 2304 α
631 2233 682 2302 καί
703 2231 746 2303 τδ
773 2240 971 2329 παραλῆγον
994 2237 1117 2330 φωνῆεν
1139 2236 1182 2312 εἰς

87 2380 107 2421 ιι
132 2346 414 2438 μεταβάλλουσιν,
441 2343 510 2419 οἰον
536 2347 634 2444 ὄφιος
657 2347 773 2445 ὄφεως,
796 2346 915 2424 πόλιος
939 2347 1077 2432 πόλεως,
1101 2345 1183 2426 λαδς

86 2466 177 2548 λιιδς,
194 2463 267 2542 υαδς
284 2467 364 2541 νεός.
390 2462 439 2534 Εἰ
454 2460 614 2557 ἰξίτιιναν
626 2459 680 2534 ούν
691 2461 734 2534 τό
753 2494 771 2533 o
790 2465 832 2540 εἰς
848 2461 890 2534 τδ
908 2493 940 2546 α,
957 2460 1182 2564 ἠναγκάζοντο

84 2581 135 2654 καί
164 2579 208 2655 τὸ
234 2587 432 2677 παραλῆγον
461 2583 585 2675 φωνῆεν
610 2580 653 2656 εἰς
678 2608 699 2649 ιε
728 2575 1043 2666 μεταβάλλειν,καί
1076 2580 1181 2652 ούκίτι

85 2695 205 2769 λαιπδν
222 2696 387 2793 εύρίσκττο
405 2691 667 2779 άλλεπάλληλον
682 2692 725 2766 τὸ
743 2725 777 2766 α.
828 2693 997 2790 Κρεῐττον
1018 2693 1071 2767 ούν
1091 2697 1183 2768 ἐστιν
1194 2729 1230 2768 ιο

86 2815 184 2884 εἰπεῖν
209 2810 269 2893 τῆν
292 2811 401 2882 αἰτίαν
424 2811 555 2894 ταύτην·
582 2814 616 2883 οἰ
639 2808 803 2892 Ἀττικοί,
824 2811 865 2885 ὡς
887 2809 1022 2905 ε’ίρηται,
1039 2809 1093 2879 ἰπί
1117 2815 1183 2880 τῶν

86 2926 324 3024 καθαρευόντων
345 2927 539 3002 ἐκτείναντες
561 2925 604 2998 τὸ
621 2957 641 2998 α
662 2927 705 3002 εἰς
726 2921 770 2996 τδ
793 2952 814 2994 α
839 2923 891 2994 καί
916 2920 960 2994 τδ
985 2930 1183 3020 παραλῆγον

89 3048 211 3139 φωνῆεν
239 3043 282 3118 εἰς
309 3071 328 3112 ιε
357 3037 641 3128 μεταβάλλουσιν,
671 3037 740 3112 οἰον
770 3039 889 3116 πόλιος
918 3038 1055 3124 πόλεως,
1085 3039 1184 3136 ὄφιος

89 3158 202 3254 δφιως,
217 3153 290 3234 ναδς
308 3154 389 3238 υεύς,
406 3152 487 3232 λαδς
503 3157 593 3233 λειός.
628 3155 677 3226 Εἰ
692 3151 850 3249 ἐξέτειναν
867 3151 920 3225 ούν
936 3154 989 3224 ἰπί
1007 3160 1069 3227 τοῦ
1084 3153 1183 3252 ῆρωοε

90 3272 131 3346 τό
147 3305 167 3344 o
185 3275 228 3350 εἰς
243 3271 286 3344 τὸ
303 3301 337 3356 α,
353 3268 580 3370 ἠναγκάζοντο
603 3273 655 3342 καί
680 3269 724 3343 τὸ
747 3278 945 3367 παραλῆγον
963 3275 1087 3366 φωνῆεν
1102 3273 1146 3346 εἰς
1163 3301 1183 3341 ι
1195 3303 1229 3363 ²5

91 3385 323 3477 μεταβάλλειν·
355 3387 446 3458 ιἰλλᾶ
471 3388 532 3471 μῆν
548 3386 592 3460 τδ
611 3394 809 3486 παραλῆγον
834 3392 959 3484 φωνῆεν
979 3387 1021 3461 εἰς
1039 3415 1059 3455 α
1084 3415 1185 3467 μετα-

91 3507 249 3592 βληθῆναι
279 3504 316 3574 ού
345 3501 487 3575 δύναται·
523 3501 569 3574 τὰ
599 3499 668 3600 γὰρ
696 3499 977 3588 μεταβαλλόμενα
1009 3496 1096 3570 κατὰ
1125 3499 1185 3580 τῆν

92 3623 349 3716 παραλήγουσαν
365 3619 407 3695 εἰς
424 3647 445 3688 ιε
462 3615 598 3714 δίχρονα
623 3616 714 3698 εἰσίν,
732 3613 801 3687 οἰον
818 3613 916 3711 ὅφιοε
933 3611 1048 3708 ὄφεως,
1066 3611 1184 3687 πόλιος

93 3735 225 3820 πόλεως,
243 3731 315 3810 ναδς
332 3732 414 3817 νεός,
431 3729 513 3810 λαός
528 3735 617 3809 λεάς.
668 3731 782 3803 Τοῦτο
799 3728 834 3802 δὲ
857 3729 913 3800 ούκ
934 3729 1009 3800 ἔστι
1032 3725 1184 3826 δίχρονον

95 3847 179 3921 ιἰλλίι
197 3871 228 3920 ο·
254 3847 407 3933 δηλονότι
423 3856 483 3931 τῆς
499 3848 756 3946 παραληγούσης
771 3847 815 3930 μῆ
832 3843 999 3928 δνναμῖνηε
1014 3845 1185 3931 μεταβλῆ-
1193 3876 1232 3932 30

97 3970 181 4048 θῆναι
198 3967 241 4040 εἰς
256 3961 298 4037 τδ
316 3993 346 4047 ε,
364 3965 441 4035 αύτε
457 3967 476 4046 ῆ
492 3967 645 4058 λῆγουσα
661 3960 799 4057 ἰξετάθη
816 3963 858 4038 εἰς
873 3956 917 4032 τδ
934 3989 966 4030 α.

9 4088 85 4175 137b
143 4089 164 4121 “
182 4077 241 4170 Τῷ
256 4077 344 4176 ῆρωί,
360 4084 409 4170 τῷ
427 4077 583 4170 γε’λωτι.”

137 4192 308 4290 Ἀξιονδί
330 4193 404 4265 ε’στί
430 4190 570 4293 ζητῆσαι
591 4188 643 4262 διὰ
668 4193 766 4263 ποίαν
783 4190 891 4262 αἰτίαν
912 4187 994 4286 ῆρωΐ
1015 4187 1127 4268 δοτικῆ
1150 4186 1186 4256 ού

100 4315 218 4408 γίνεται
243 4309 328 4384 κατὰ
353 4311 536 4408 συυαίρεσιν
560 4313 622 4380 τοῦ
646 4338 668 4379 α
694 4307 746 4379 καί
772 4337 782 4378 1
806 4307 848 4382 εἰς
870 4306 929 4398 τῆν
951 4335 972 4375 α
993 4303 1186 4401 δίφθογγον

99 4428 167 4526 ῆρω.
209 4425 340 4512 Ἔστιν
356 4421 410 4496 ούυ
427 4426 537 4511 εἰπεῖν,
554 4421 609 4496 ότι
634 4424 728 4493 πᾶσα
749 4420 861 4504 δοτικῆ
883 4420 987 4490 ἑνικῶν
1009 4421 1052 4496 εἰς
1069 4445 1080 4490 ι
1098 4417 1232 4506 ἄνει-35

619 4534 665 4598 εί
