2972 5014
398 314 465 376 ΕΙΣ
486 315 542 376 ΤΟ
564 314 856 377 ΟΝΟΜΑΤΙΚΟΝ.
1116 318 1179 390 359

43 480 120 554 τὸ
138 479 228 564 νηδδς
249 480 336 556 κατὰ
359 483 529 568 ποιητικὴν
549 481 701 580 ἐξουσίαν
723 483 904 558 συστέλλει
920 479 964 556 τδ
980 511 1011 570 τ,
1027 481 1068 560 ὡς
1087 475 1180 576 παρὰ

50 595 310 696 Καλλιμάχῳ,
331 605 392 690 [Η.
409 605 507 673 Dian.
525 601 611 693 160.]

203 725 244 780 ἔτι
256 727 282 781 σί
294 725 364 800 πέρα
377 726 454 797 νηδύε
466 726 571 782 ἐκείνου.

55 829 131 900 καῖ
151 830 232 926 παρ’
250 827 412 928 Εὐριπίδῃ
430 831 463 902 έν
480 827 708 929 Ἀνδρομάχη,
729 825 766 930 [3
768 829 837 923 56.]

164 956 206 1010 καί
220 953 297 1025 νηδύν
310 953 518 1028 ίξαμθλυύμενος
530 957 610 1026 αὐτὴν
622 957 708 1028 λέγειν
723 955 916 1028 (ε’ξαμβλοῦμευ
929 948 963 1010 δις
976 951 1041 1022 dm)
1052 949 1149 1026 λέγει).
1189 961 1206 1022 5

61 1059 285 1132 ’Υπονοοῦσι
312 1058 348 1131 δέ
371 1091 455 1138 τινες
480 1059 534 1133 ὅτι
557 1061 652 1132 αύται
678 1059 774 1145 μόναι
801 1058 882 1130 εῖσῖν
907 1058 942 1128 αί
967 1055 1021 1128 δύο
1047 1057 1181 1153 χρήσεις

61 1174 204 1253 εὐθείας
219 1176 271 1246 καί
295 1177 475 1259 αἰτιατικῆς
491 1177 527 1247 αί
542 1176 679 1274 ἔχουσαι
695 1172 739 1246 τδ
755 1204 774 1246 τ
790 1172 1062 1256 συνεσταλμένον.
1113 1169 1182 1254 Etl-

62 1293 238 1390 ρίσκομευ
254 1289 288 1362 δὲ
305 1291 357 1362 καί
374 1292 434 1376 τίην
450 1300 570 1388 χρῇσιυ
587 1299 751 1362 πλατεῖαν
772 1286 857 1362 πάνυ
879 1290 931 1360 καῖ
954 1290 987 1360 έν
1009 1294 1053 1383 τῇ
1077 1287 1180 1383 εύθείᾳ

63 1407 133 1478 καῖ
152 1408 185 1479 έν
201 1413 243 1501 τῇ
259 1408 424 1502 αἰτιατικῇ
443 1405 679 1504 διφορουμέυου
694 1412 756 1478 τοῦ
772 1405 935 1504 διχρύυου,
952 1405 1110 1478 τουτέστι
1127 1401 1181 1474 καί

65 1524 296 1606 ἐκτεταμένον
320 1528 425 1596 τοῦτ
458 1523 511 1594 καί
542 1523 813 1607 συνεσταλμένου·
866 1527 885 1606 ἦ
914 1521 949 1594 δὲ
980 1521 1087 1598 κλίσις
1119 1525 1182 1592 τού
1195 1543 1230 1586 ¹0

69 1637 171 1724 νηδὺς
200 1641 240 1716 ὡς
269 1636 337 1710 δτδ
366 1646 424 1722 τῇς
454 1639 573 1716 εύθείας
601 1646 660 1721 τῇς
685 1639 822 1735 ε’χούσης
849 1635 893 1710 τδ
921 1668 941 1710 ς
969 1635 1182 1719 ἐκτεταμένον

70 1756 217 1849 ἐγένετο
242 1751 294 1826 διὰ
315 1758 461 1852 καθαροῦ
481 1759 543 1827 τοῦ
567 1785 616 1837 ου,
638 1753 708 1826 οῖον
725 1752 841 1838 νηδύος.
884 1751 979 1831 Τινὲς
996 1751 1030 1824 δὲ
1047 1753 1180 1824 θέλουσι

70 1871 196 1964 λέγειν
224 1871 414 1964 ἀπολογίαν
440 1871 603 1955 τοιαύτην·
638 1869 693 1944 δτι
721 1867 774 1942 διδ
800 1875 904 1942 τοῦτο
933 1867 976 1942 τὸ
1011 1866 1097 1952 νηδὺς
1126 1868 1182 1938 ούκ

72 1986 196 2070 ἐκλίθη
220 1984 273 2058 διὰ
297 1993 360 2059 τοῦ
384 2015 458 2072 on,
483 1989 523 2064 ὡς
547 1985 615 2059 ἇπδ
640 1995 700 2071 τῇς
724 1987 844 2065 εύθείας
868 1995 927 2069 τῇς
945 1986 1083 2083 έχούσης
1102 1983 1145 2058 τδ
1162 2015 1182 2056 ς

75 2101 357 2188 συνεσταλμένου,
384 2100 437 2176 διὰ
465 2103 525 2186 τὴν
554 2103 761 2188 ε’παλληλίαν
794 2110 857 2176 τού
886 2127 917 2174 Δ·
965 2103 1018 2174 καῖ
1052 2100 1121 2201 γὰρ
1154 2105 1185 2176 εί
1196 2131 1230 2194 15

76 2218 218 2311 ἐγένετο
244 2216 381 2306 νηδύδος,
399 2219 657 2302 ἆλλεπαλληλία
682 2223 822 2304 ἤμελλεν
845 2216 922 2292 εῖναι
945 2223 1007 2291 τοῦ
1028 2247 1059 2304 Δ,
1075 2215 1128 2288 καί
1148 2219 1183 2289 έκ

76 2334 206 2416 τούτου
237 2334 423 2433 κακοφωνία
453 2333 596 2428 ἐγένετο.
648 2335 711 2406 Δεῖ
738 2333 773 2406 δί
799 2337 1044 2420 σημειώσασθαι
1073 2335 1106 2406 έν
1134 2336 1184 2426 τῷ

78 2448 192 2522 κανόνι
208 2447 252 2523 τδ
269 2449 365 2543 ἇγνύς
378 2451 529 2544 ἆγνιῖθος,
544 2456 651 2526 τοῦτο
667 2450 736 2550 γὰρ
754 2448 908 2546 δξύτονου
925 2449 971 2534 δν,
989 2450 1042 2522 καῖ
1057 2446 1183 2548 μακρδν

80 2567 166 2662 ἔχον
180 2563 223 2638 τδ
239 2595 289 2649 τι,
307 2563 359 2637 διὰ
381 2571 443 2638 τοῦ
465 2596 527 2639 οοε
550 2568 661 2652 ἐκλίθη
683 2568 736 2640 καί
759 2569 797 2639 ού
819 2563 871 2640 διὰ
887 2571 1032 2665 καθαροῦ
1047 2572 1109 2640 τοῦ
1131 2595 1182 2637 ου.

82 2680 247 2774 Ἀγνῖθες
263 2680 297 2753 δὲ
316 2681 476 2775 λέγονται
500 2683 535 2754 οί
556 2681 647 2756 λίθοι
666 2685 699 2755 οῖ
720 2688 907 2782 περιφερεῖς
928 2684 981 2755 καί
998 2686 1181 2780 τετρη[μ]·
1194 2701 1232 2742 ²0

83 2799 177 2882 μένοι
195 2798 229 2868 οί
243 2795 435 2896 κρεμάμενοι
451 2799 484 2870 έν
500 2809 573 2877 τοῖς
592 2799 731 2898 ίταρίοις
749 2798 953 2898 (μιταρίοις).

138 2922 160 2955 “
171 2913 224 3009 Τῇ
242 2914 337 2986 τίτυῖ
349 2920 393 3011 τῇ
414 2916 538 2999 πληθύῖ
556 2921 600 3011 τῇ
616 2914 769 3014 χλαμύδι,
787 2917 847 3000 τὴν
863 2917 960 2988 πίτυν
977 2915 1040 3000 τίην
1055 2913 1183 3000 πληθύν

85 3030 148 3114 τὴν
165 3028 347 3127 χλαμύδα.”

136 3145 267 3219 Ἰστέον
283 3145 338 3218 δτι
353 3143 396 3219 τδ
412 3141 470 3231 μέν
487 3147 583 3220 πίτυν
598 3149 651 3220 καί
668 3146 795 3233 πληθύν
811 3155 859 3241 τεῇ
877 3148 972 3242 λόγῳ
988 3156 1047 3233 τῇς
1067 3149 1185 3227 εύθείας

87 3259 322 3362 κανονίζονπᾳι,
337 3261 380 3336 τὸ
397 3261 432 3336 δὲ
448 3263 601 3362 χλαμύδα
618 3271 666 3356 τῷ
684 3265 779 3360 λύγῳ
795 3273 854 3349 τῇς
871 3265 1008 3348 δοτικῆς.
1195 3286 1232 3347 25

140 3386 161 3418 “
172 3375 218 3445 Ὠ
235 3377 323 3460 πίτυ,
340 3375 501 3469 ιδπληθδ,
519 3378 546 3452 ιδ
560 3380 703 3476 χλαμύ.”
1163 3453 1167 3460 ,

139 3491 283 3590 Εἴρηται
309 3493 363 3566 ὅτι
389 3493 434 3567 τδ
456 3499 498 3574 είς
520 3525 559 3566 τε
576 3495 735 3590 ἀποβολῇ
752 3500 814 3568 τού
832 3525 850 3566 z
867 3500 998 3568 ποιοῦσι
1024 3496 1084 3579 τὴν
1108 3503 1186 3579 κλη-

90 3613 189 3692 τικῆυ.

142 3723 229 3796 “Τδ
254 3727 350 3799 πίτυε
372 3725 418 3799 τδ
443 3727 568 3811 πληθύι
592 3724 637 3800 τὰ
663 3728 820 3826 χλαμύδε.
865 3727 950 3800 Ταῖν
967 3729 1096 3800 πιτύοιν
1112 3737 1187 3814 ταῖν

93 3842 248 3924 πληθύοιν
271 3853 346 3916 ταῖν
369 3841 562 3941 χλαμύδοιν.
606 3844 653 3914 Ὦ
678 3847 773 3918 τίτυε
795 3845 820 3917 ιδ
842 3846 967 3929 πληθύε
987 3844 1236 3943 ύχλαμύδε.30

94 3957 143 4028 Αῖ
165 3959 274 4038 τίτυες
300 3962 336 4032 αῖ
360 3959 501 4044 πληθύος
525 3962 561 4032 αῖ
584 3960 758 4058 χλαμύδες,
775 3966 841 4033 τῶν
866 3961 987 4032 πιτύων
1012 3968 1078 4034 τῶν
1103 3970 1190 4059 χλα-

94 4072 194 4156 μύδιον
215 4079 279 4146 τῶν
304 4075 464 4160 πληθύων.
516 4075 600 4154 Ταῖς
620 4078 735 4150 πίτυσι
762 4087 835 4156 ταῖς
851 4078 996 4163 πληθύσι
1013 4089 1086 4156 ταῖς
1103 4087 1191 4176 χλα-

96 4189 200 4274 μύσι.”

143 4305 271 4379 Ἰστέου
304 4307 358 4380 δτι
392 4307 461 4380 ἆπδ
494 4317 553 4393 τῇς
580 4309 708 4394 δοτικῆς
737 4315 804 4383 τῶν
836 4311 942 4383 ἑνικῶν
974 4311 1101 4403 γίνεται
1136 4310 1191 4382 έτῖ

96 4421 216 4520 τούτων
249 4425 268 4506 ἦ
301 4421 413 4510 δοτικὴ
446 4431 512 4499 τῶν
545 4430 779 4514 πληθυντικῶν,
808 4425 861 4500 καί
895 4426 949 4498 έπί
983 4425 1096 4514 μέντοι
1129 4431 1217 4514 τοῖς
1222 4453 1239 4517 5
