2954 5024
401 323 468 383 ΕΙΣ
489 323 546 382 ΤΟ
568 323 861 384 ΟΝΟΜΑΤΙΚΟΝ.
1122 337 1183 404 239

46 489 195 562 νοίσιον
226 491 302 564 ἔνθα
343 489 531 588 τρέχουσιν,
565 493 606 568 ὡς
646 495 723 588 παρ’
770 489 932 590 Εὐριπίδῃ
973 491 1006 564 έν
1040 489 1183 584 Μηδείᾳ,

52 610 167 704 [4⁶·]

201 749 262 808 έλλ’
275 749 330 808 οίθε
342 752 432 809 παῖδας
445 752 473 807 ίκ
485 749 588 823 τρέχων
600 749 759 821 πεπαυμένοι

201 849 350 920 στείχουσι,
365 850 460 923 μητρὸς
475 849 551 904 οὐδέν
563 847 726 921 ἐννοούμενοι

200 951 291 1004 κακῶν.
1191 979 1207 1039 5

46 1079 115 1149 καὶ
142 1072 253 1148 πόλιν
277 1076 369 1175 παρὰ
394 1075 438 1150 τὸ
460 1075 553 1175 ’περῶ
578 1077 706 1170 γίνεται
732 1076 765 1148 έν
790 1072 880 1170 ὀξείᾳ
908 1071 1006 1148 τείσει
1032 1073 1180 1174 πορῦςὸ

48 1195 247 1292 διαπερῶν,
263 1195 314 1266 καί
333 1195 365 1264 ἐν
381 1194 500 1291 βαρείᾳ
526 1190 623 1265 πείσει
644 1191 748 1289 πόρος
771 1193 790 1262 ὁ
812 1191 1046 1288 θιαπεριίμενος
1061 1193 1179 1270 τόπος.

49 1308 170 1381 Ἀπὸ
196 1307 250 1381 οῦν
274 1316 336 1382 τοῦ
363 1309 622 1404 ὀξυτουουμένου,
647 1308 734 1407 φημί
758 1305 792 1378 δὲ
813 1304 882 1378 ἀπὸ
907 1311 969 1378 τοῦ
993 1305 1097 1402 πορῦς
1118 1315 1181 1378 τοῦ

50 1425 292 1507 σημαίνοντος
315 1425 488 1523 ἐνέργειαν,
506 1429 605 1519 ἤγουν
629 1423 689 1497 τὸν
715 1423 929 1521 θιαπερῦιντα,
955 1424 1082 1517 γίνεται
1107 1425 1179 1498 κατ’

51 1539 236 1636 ἔλλειψιν
251 1547 313 1615 τοῦ
337 1571 357 1613 1>
381 1539 475 1626 ποῦς,
492 1543 544 1613 καί
569 1539 690 1614 λοιπὸν
709 1545 824 1640 κρᾶσις
848 1545 1092 1637 παρακολουθεῖ
1115 1547 1180 1614 τῶν
1193 1577 1228 1616 ιο

52 1655 121 1728 δύο
160 1688 203 1728 οο
235 1661 278 1735 είς
301 1658 362 1742 τὴν
393 1688 432 1730 οι
463 1656 667 1757 δίφθογγον,
694 1657 747 1728 καί
775 1657 902 1750 γίνεται
930 1655 1010 1733 ποῦς
1034 1657 1067 1728 έν
1089 1656 1178 1752 ὀξείᾳ

53 1770 183 1859 τείσει,
207 1779 308 1867 ἤγουν
334 1779 352 1858 ἡ
379 1777 499 1874 βαρεῖα
525 1775 578 1848 καί
602 1779 620 1858 ἦ
647 1772 736 1870 ὀξεῖα
760 1777 803 1852 είς
828 1771 936 1867 ὀξεῖαν
953 1773 1178 1872 συνέρχονται,

55 1886 155 1988 ζωὸς
190 1887 261 1988 ζὼς,
291 1889 416 1990 Νηρηῒς
450 1890 573 1990 Νηρίης,
603 1890 730 1968 έσταιίς
758 1889 871 1973 zenae,
897 1888 1030 1978 βεβαιῦς
1059 1891 1178 1979 βεβώς·

13 2005 175 2084 Βοῦτος
203 2004 258 2078 οῦν
281 2007 334 2078 καί
363 2003 446 2084 ποῦς
476 2006 556 2085 ποῦς
590 2008 622 2078 εὐ
656 2005 745 2102 ὀξείᾳ
778 2003 886 2088 τείσει,
912 2004 1025 2103 ὥσπερ
1059 2006 1111 2078 καί
1145 2009 1179 2078 ἐκ

57 2129 131 2194 τοῦ
155 2123 335 2206 ἒναντίουῆ
358 2118 448 2216 ὀξεῖα
473 2124 526 2195 καί
553 2126 571 2206 ἦ
597 2123 717 2222 βαρεῖα
741 2125 784 2201 είς
806 2121 1053 2220 περισπωμένου
1070 2124 1202 2220 ουυέρ-η
1208 2160 1224 2220 5

60 2269 204 2334 χονται,
233 2235 303 2309 οἷον
331 2235 409 2316 πείῖς
433 2248 522 2326 παῖς,
551 2238 665 2323 Πηλέϊ
689 2238 809 2324 Πηλεῖ,
834 2238 989 2328 εὐσεβέως
1014 2239 1177 2327 εὐσεβοῦς.

62 2353 194 2426 Ταῦτα
209 2351 267 2439 μέν
284 2353 316 2425 ἕν
332 2353 474 2430 τούτοις.

110 2467 240 2564 Ἀξιον
284 2468 300 2540 ὲ
325 2469 398 2541 ἐστὶ
425 2465 576 2570 ζητῆσαι,
602 2471 632 2542 εί
654 2467 730 2568 ἄρα,
756 2472 797 2549 ὡς
823 2469 960 2570 ε’ίρηται,
982 2468 1026 2544 τὰ
1048 2474 1092 2550 είς
1117 2503 1177 2544 ow

65 2584 186 2669 ἇπαθῆ
212 2583 264 2657 θιᾶ
289 2590 435 2684 καθαροῦ
457 2593 520 2659 τοῦ
546 2615 587 2658 οι
611 2587 787 2670 κλίνονται,
805 2586 875 2658 οἷον
898 2589 978 2676 βοῦς
999 2587 1090 2677 βοῦς,
1109 2596 1178 2668 νοῦς

66 2700 155 2788 νοῦς,
183 2709 283 2799 χροῦς
308 2699 421 2802 χροὸς,
448 2701 538 2776 θιατί
565 2701 608 2776 τὸ
634 2703 714 2781 ποῦς
738 2707 791 2774 καί
815 2701 906 2780 ὀθοῦς
939 2704 976 2774 οῦ
1010 2705 1174 2776 κλίνονται
1188 2729 1225 2768 20

67 2815 124 2890 διὰ
141 2823 288 2916 καθαροῦ
302 2825 365 2891 τοῦ
382 2849 433 2906 οι,
450 2819 520 2891 οίον
536 2817 619 2898 ποῦς
637 2817 742 2896 ὀθόος.
770 2817 901 2890 Ἔστιν
918 2816 972 2890 οῦν
988 2821 1097 2900 εἰπεῖν,
1110 2819 1176 2906 ὅτι,

67 2935 110 3011 ὡς
121 2931 296 3024 ἐμάθομεν,
306 2933 351 3007 τὰ
365 2937 407 3013 είς
422 2965 483 3007 οτι
492 2940 644 3030 λήγοντα
658 2936 807 3020 ὀνόματα
818 2933 970 3032 οῦθέπερα
985 2933 1175 3032 (οὐδέποτε)

68 3048 253 3145 ὀξίνονται,
271 3051 370 3150 χωρίς
389 3057 451 3124 τοῦ
472 3052 552 3130 ποῦς
571 3051 624 3124 καί
648 3051 750 3140 ὀδοὺς,
766 3057 875 3125 ταῦτα
901 3049 969 3150 γὰρ
996 3049 1175 3147 θξιίνουτοι.

65 3165 209 3250 Ἐπειθίη
224 3164 277 3239 οῦν
293 3165 475 3262 θιῆλλαξαυ
491 3170 566 3267 περί
583 3166 644 3241 τῦν
660 3170 767 3252 τόνον,
778 3169 899 3241 τοῦτου
915 3165 1013 3267 χοίριν
1030 3169 1082 3240 καί
1100 3170 1174 3268 περί

67 3283 132 3365 την
148 3285 257 3355 κλίσιν
273 3281 464 3380 διήλλαξαν,
481 3286 534 3357 καί
560 3287 597 3356 οῦ
622 3285 788 3356 κλίνονται
815 3282 867 3355 &a
884 3289 1028 3381 καθαροῦ
1044 3291 1107 3356 τοῦ
1124 3315 1174 3356 οτ.
1187 3315 1201 3354 2
1205 3313 1221 3373 5

70 3397 127 3471 Τὸ
145 3397 179 3472 δέ
196 3397 286 3478 ὄδοῦς
306 3398 441 3477 ὀθόντος
458 3399 510 3472 θεὰ
527 3407 589 3472 τοῦ
606 3431 649 3473 m·
664 3401 820 3486 κλίνεται,
837 3399 956 3483 ε’πειθίη,
973 3402 1014 3477 ὡς
1038 3401 1174 3497 είρητοι,

69 3513 248 3612 μετοχικὸν
267 3516 370 3588 έσπίν.
422 3515 474 3588 A:
498 3515 532 3588 θὲ
557 3519 599 3594 είς
625 3547 683 3589 οτι
709 3516 853 3613 μετοχαί
880 3514 932 3587 διὰ
956 3521 1018 3586 τοῦ
1041 3545 1083 3586 απ
1105 3517 1176 3586 κλί-

71 3663 192 3716 νονται,
210 3629 279 3704 οίου
303 3631 395 3721 βιοῦς
420 3632 566 3722 βιόντος,
592 3631 695 3712 θιθοῦς
718 3631 874 3715 διδόντος,
900 3630 999 3709 ἁλοῦς
1021 3630 1173 3710 ἁλόντος·

71 3749 172 3827 οὕτως
190 3747 243 3821 οῦν
260 3748 312 3821 καί
329 3748 421 3828 ὀδοὺς
437 3748 582 3828 ὀδόντος.
634 3749 687 3821 Τὸ
713 3748 747 3821 δὲ
771 3748 851 3827 ποῦς
871 3745 983 3830 ποδὸς,
1001 3749 1173 3822 καὶτοῦτο

70 3863 162 3963 παρὰ
179 3865 286 3958 λόγον
302 3867 405 3948 ἐστίν,
424 3867 477 3938 ὅτι
496 3863 625 3960 ὀξυνθὲυ
641 3866 758 3950 ὁμοίιος
775 3876 848 3943 ταῖς
865 3867 908 3943 είς
931 3895 989 3936 οτι
1015 3878 1174 3963 μετοχαῖς
1185 3901 1222 3958 30

71 3984 126 4053 οῦκ
159 3981 269 4064 ἐκλίθη
304 3978 356 4053 θιᾶ
389 3988 451 4054 τοῦ
484 4011 526 4053 υτ
558 3983 675 4067 ὁμοίως
709 3984 830 4060 αῦπαΐς.
899 3981 1017 4054 Ταῦτα
1051 3982 1109 4068 μὲν
1143 3986 1175 4055 ἐν

71 4099 213 4175 τούτοις.

113 4212 237 4308 Ἀξιον
266 4212 302 4286 δέ
334 4215 407 4286 ε’στί
443 4211 597 4314 ζητῆσαι,
624 4216 652 4284 εί
681 4211 746 4313 ἄρα
771 4212 816 4285 τὰ
852 4217 894 4292 είς
929 4244 989 4285 ατε
1022 4219 1174 4307 λήγοντα

430 4331 438 4357 λ
499 4333 508 4358 ἱ
536 4330 546 4357 Ι
699 4332 707 4356 ἱ

72 4330 151 4430 ὑπὲρ
181 4331 258 4416 μίαν
289 4331 461 4419 συλλαβην
489 4361 637 4414 ονοματα
671 4329 829 4403 ουθέποτε
862 4331 1079 4413 συντίθενται,
1105 4327 1175 4402 οίον

75 4457 224 4546 χαλκοῦς,
245 4455 397 4546 χρυσοῦς,
419 4455 541 4532 σιμοῦς,
570 4453 741 4540 γλαυκοῦς,
768 4447 857 4521 θιαπί
880 4447 922 4518 τὸ
948 4445 1039 4524 ὀθοῦς
1066 4447 1220 4536 mvl-35
