2954 5020
284 291 325 374 76
577 291 780 350 ΓΕΩΡΓΙΟΎ
801 290 1100 350 ΧΟΙΡΟΒΟΣΚΟΥ
1420 279 1476 406 Κοφ

284 462 401 558 κόριο,)
421 455 601 557 Σαρπῆδων
629 457 881 556 Σαρπήδοντος,
905 459 995 552 (ἔστι
1025 457 1061 529 δὲ
1091 459 1197 542 ὄνομα
1222 435 1410 556 κύριον,)ῆ

287 573 500 674 Σαρπηδόνος
534 573 640 667 γενικῆ
670 573 738 644 ἆτδ
772 583 832 657 τῆς
862 573 1050 672 Σαρπηδόν
1084 572 1244 670 α’ξπόνον
1279 577 1411 652 εύθείας

200 693 240 780 63
256 689 371 766 bie-n.
399 691 606 790 Πρόσκειται
622 691 693 772 “μῆ
711 690 793 760 ὅντα
810 692 1018 788 παρώνυμα,”
1029 691 1100 761 ε’τει
1122 691 1140 774 ῆ
1157 690 1203 762 τὰ
1221 694 1410 788 παράνομα

288 805 501 908 φυλάττουσι
527 805 570 880 τό
601 837 621 878 ο
653 807 707 876 ἐπὶ
735 814 794 888 τῆς
825 815 961 898 γενικῆς,
984 802 1055 876 οἷον
1081 805 1217 904 κόρυδος
1243 807 1411 903 Κορύδων

289 922 489 1022 Κορύδωνος,
508 923 595 1014 (ἔστι
623 920 657 994 δὲ
680 922 782 1004 ὄνομα
805 923 939 1020 κύριον,)
965 919 1093 998 κίναδος
1119 919 1271 994 Κινάδων
1295 921 1436 1003 Κανά-ε

291 1039 396 1124 δυνος,
425 1037 562 1116 κέλαδος
592 1035 750 1110 Κελόδων
781 1036 987 1117 Κελάδωνος·
1013 1039 1057 1113 τό
1086 1039 1157 1140 γάρ
1184 1039 1412 1119 Κελάδοντος

290 1155 468 1252 μετοχικόν
485 1155 570 1228 ε’στι.
623 1153 692 1224 Καὶ
710 1152 755 1225 τὰ
773 1153 866 1251 παρὰ
883 1153 927 1227 τό
948 1154 1041 1234 ὁδούς
1058 1156 1093 1228 δὲ
1110 1159 1252 1230 σύνθετα
1270 1157 1328 1230 διὰ
1346 1166 1412 1231 τοῦ

294 1299 335 1342 υτ
361 1270 537 1352 κλίνονται,
563 1269 614 1341 καὶ
642 1267 796 1354 δηλονότι
819 1270 982 1365 τρέπουσι
1005 1269 1050 1343 τό
1077 1303 1099 1343 ο
1125 1276 1169 1350 εἷς
1194 1272 1241 1345 τό
1259 1305 1279 1346 ο
1303 1276 1342 1346 ἐν
1364 1280 1411 1370 τῆ

294 1392 411 1482 γονικῆ,
438 1381 506 1458 οίον
532 1383 708 1484 θερμόδων
738 1385 978 1482 θερμόδοντος,
1015 1386 1106 1478 (ἔστι
1143 1388 1178 1461 δὲ
1207 1391 1314 1474 ὄνομα
1344 1422 1412 1462 πο·

293 1505 426 1598 munst)
446 1497 640 1584 Παμπάδων
657 1499 919 1585 Παμπάδοντος,
937 1501 1130 1577 Χαλκώδων
1146 1505 1410 1590 Χαλκώδοντος,
1422 1531 1456 1571 ¹0
1475 1595 1476 1600 ἵ

297 1617 374 1710 (atel
416 1615 450 1689 δὲ
482 1622 590 1689 ταῦτα
623 1617 774 1702 ὀνόματα
810 1618 933 1717 κύρια,)
967 1620 1135 1719 ἀμφόδου
1170 1623 1410 1721 ἆμφόδοντος,

293 1731 500 1834 κρατκριύδων
529 1731 801 1832 κρατερόδοντος,
830 1734 1014 1832 χαυλιόδων
1041 1737 1294 1835 χαυλιόδοντας.
1360 1739 1414 1811 Εἰ

297 1849 332 1922 δι’
346 1881 396 1928 τις
413 1851 496 1944 είπρ,
514 1849 565 1920 καὶ
592 1851 621 1920 εἰ
642 1850 786 1922 κλίνεται
809 1857 918 1924 ταῦτα
948 1849 1001 1924 διὰ
1026 1859 1089 1924 τοῦ
1113 1883 1167 1937 υτ,
1185 1853 1276 1926 διατί
1294 1885 1413 1954 τρασ-

296 1969 432 2050 υθῆκατε
443 1977 463 2008 “
475 1963 526 2038 διὰ
544 1971 606 2038 τοῦ
623 1995 664 2038 υτ
681 1969 883 2050 κλινομένων,
896 1969 941 2052 μῆ
955 1971 1058 2042 ὄντων
1074 1972 1238 2043 συνθέτων
1254 1969 1351 2068 παρὰ
1365 1969 1411 2042 τό

297 2079 418 2168 όδούς,”
435 2081 588 2175 λέγομεν,
606 2081 659 2154 ὅτι
687 2080 739 2154 διά
764 2089 868 2156 τοῦτο
889 2089 1153 2183 προσεθῆκαμεν,
1169 2085 1279 2171 ἔπειδῆ
1295 2095 1410 2160 ταῦτα
1423 2115 1456 2174 15

297 2197 460 2278 πολλάκις
485 2199 651 2298 πεφύκασι
677 2196 729 2270 διὰ
751 2197 795 2270 τά
819 2200 944 2297 μέτρον
961 2199 1176 2290 ἀποβάλλειν
1191 2202 1236 2275 τό
1252 2233 1273 2274 τ
1289 2205 1327 2274 ἐκ
1349 2213 1412 2286 τῆς

299 2323 422 2410 γενικῆς
447 2316 499 2386 καί
526 2313 739 2412 φυλάττουσι
766 2313 808 2388 τό
838 2348 868 2399 ο,
892 2314 962 2389 οἷον
982 2318 1148 2417 ἀμφόδου
1173 2317 1411 2416 ἀμφόδου-τος,

298 2433 350 2504 καὶ
368 2429 532 2530 ἆμφόδων
547 2429 750 2528 ἆμφόδονος.

351 2545 406 2618 Τά
426 2549 467 2624 εἰς
484 2577 529 2618 ον
547 2550 697 2640 λήγοντα
715 2545 907 2638 δισύλλαβα
924 2552 1107 2648 βαρύτονά,
1120 2553 1246 2650 ἔχοντα
1259 2551 1330 2651 πρὸ
1346 2559 1414 2625 τοῦ

303 2695 324 2736 α
342 2665 375 2736 ἓν
390 2694 425 2736 τι
442 2667 508 2736 τῶν
525 2661 648 2734 διπλῶν
665 2663 683 2746 ῆ
700 2661 742 2735 τό
762 2693 791 2750 τ,
808 2667 900 2764 κύρια
916 2666 974 2752 μὲν
991 2669 1073 2740 όντα
1090 2665 1307 2767 φυλάττουσι
1324 2668 1372 2740 τὸ
1390 2698 1412 2739 ο
1423 2703 1459 2742 20

303 2779 355 2852 ε’πί
372 2787 430 2865 τῆς
448 2787 580 2874 γενικῆς,
598 2779 829 2879 προσηγορικὰ
848 2781 882 2852 δὲ
899 2784 981 2855 ὄντα
996 2785 1159 2882 τρέπουσι
1176 2783 1220 2856 τὸ
1238 2815 1260 2856 ο
1276 2787 1321 2862 εἰς
1340 2815 1360 2856 ο
1379 2787 1414 2855 ἐν

302 2904 345 2991 τῆ
363 2903 482 2992 γενικῆ,
500 2897 603 2970 διπλᾶ
621 2895 689 2995 γάρ
707 2896 770 2968 αι’σί
782 2899 860 2994 τρία
875 2895 906 2998 ζ,
920 2899 952 2994 ξ,
967 2898 1014 2994 ψ.
1041 2899 1232 2974 Ἔστωσαν
1248 2899 1284 2972 δὲ
1298 2932 1415 2998 παρα-

304 3013 468 3109 δείγματα
501 3019 563 3086 τοῦ
596 3014 727 3092 κανόνος
765 3020 883 3085 ταῦτα·
926 3017 979 3088 καὶ
1008 3022 1075 3089 τῶν
1101 3017 1160 3101 μὲν
1188 3019 1310 3115 κυρίων,
1340 3015 1414 3089 οἷον

305 3127 424 3230 Ῥίζων
455 3128 617 3230 Ῥίζωνος,
657 3129 691 3218 (ό
725 3135 787 3202 τοῦ
825 3128 966 3215 Κάδμου
998 3133 1088 3226 οἶδα)
1113 3131 1230 3234 Ἀζων
1255 3131 1413 3234 Ἀζωυος

307 3244 474 3338 (ποταμὸς
510 3246 632 3325 Λυκίας
661 3248 714 3318 καὶ
744 3247 847 3330 ὄνομα
877 3247 1021 3347 άνδρδς,)
1048 3248 1193 3348 Πρῆξων
1219 3249 1456 3348 Πρῆξωνος,25

308 3363 418 3462 Δόξων
437 3361 592 3460 Δέξωνος,
618 3361 730 3457 Α’ίξων
747 3361 905 3458 Αίξωνος,
932 3365 1079 3464 Μύρσων
1103 3366 1295 3463 Μύρσωνος,
1315 3366 1414 3448 Κτή-

308 3518 372 3558 σων
406 3484 596 3569 Κτήσωνος,
632 3479 779 3581 Πράσων
814 3479 1010 3579 Πράσωνος,
1041 3483 1099 3572 (είς
1125 3487 1192 3554 τῶν
1225 3481 1414 3575 Αἰγύπτου

310 3601 455 3698 παίδων,)
475 3603 609 3675 Λεύσωυ
627 3599 808 3676 Λεύσωνος·
833 3599 952 3688 (ὄνομα
976 3598 1010 3671 δὲ
1034 3605 1139 3672 τοῦτο
1160 3599 1274 3694 κυνός)
1298 3598 1329 3666 Γ
1328 3597 1416 3696 ράσ-

311 3751 376 3791 σων
394 3717 602 3816 Γράσσωνος,
620 3721 738 3813 (ὄνομα
755 3717 886 3814 κύριον,)
901 3718 926 3807 ᾧ
942 3718 1059 3801 ὁμοίως
1071 3717 1214 3788 κλίνεται
1232 3715 1284 3786 καὶ
1301 3713 1345 3788 τό
1364 3723 1415 3786 νῦν

311 3837 343 3906 ἐν
371 3839 414 3930 τῆ
445 3835 592 3927 συνηθείᾳ
622 3832 805 3906 ἐπιθετικόν
833 3835 1025 3926 λεγόμενον,
1054 3831 1198 3904 Παύσων
1222 3830 1414 3908 Παύσωνος,
1424 3865 1461 3922 30

313 3950 452 4050 Θράσων
471 3951 656 4050 Θράσωνος,
685 3953 806 4048 (ταῦτα
833 3951 869 4022 δι’
892 3955 973 4024 εἶσιν
999 3951 1147 4035 ὀνόματα
1172 3951 1263 4046 κύρια
1286 3949 1338 4018 καί
1360 3948 1415 4019 διὰ

311 4076 373 4142 τοῦ
402 4103 422 4142 α
440 4072 631 4168 κλίνονται.)
660 4068 712 4141 Τὸ
734 4069 859 4154 Α’ίσων,
884 4070 991 4167 κύριον
1014 4069 1116 4151 ὄνομα
1144 4065 1193 4154 δν,
1218 4065 1315 4162 διχῶς
1344 4065 1416 4136 κλί-

314 4219 412 4270 νεται,
447 4188 498 4258 καὶ
534 4185 603 4285 γὰρ
646 4184 697 4258 διὰ
732 4190 793 4256 τοῦ
832 4215 853 4256 ο
894 4183 979 4256 κατὰ
1021 4181 1082 4255 τόν
1124 4183 1239 4254 κανόνα
1281 4189 1414 4256 τούτου.

315 4301 383 4377 οἷον

600 4443 716 4501 Αἴσονος
729 4445 783 4501 υίὸς
797 4445 917 4516 Κρηθέως
930 4443 977 4516 ἀφ’
993 4441 1109 4513 αἵματος,
1425 4447 1457 4502 35
