2954 5020
318 323 380 372 110
611 301 1125 370 κυουςιουκοινοιιοςιιος
1422 297 1455 358 x»

315 479 334 559 »5
350 474 486 561 κλητικῆ
501 469 586 560 μετά
614 483 673 558 τῆς
698 475 797 572 ὀρθῆς
820 473 873 544 καί
890 475 1072 557 αἰτιατικῆς
1087 473 1173 556 ὁμοῦ
1188 473 1418 569 παραλαμβά-

316 598 440 679 νεσθαι,
457 589 566 675 ὀπειόῆ
581 587 626 663 τό
649 589 773 689 ὄρθρον
795 591 907 662 κολόει
932 590 985 660 καί
1009 589 1053 662 τό
1078 590 1328 674 σημαινόμενον.
1369 589 1419 659 Τό

315 708 441 807 ἄρθρον
461 704 531 794 μὲν,
547 706 656 790 ἔπειόῆ
673 711 691 790 »5
713 707 795 805 ὀρθῆ
818 707 871 777 καί
897 706 1061 789 αἰτιατικῆ
1082 712 1147 777 τῶν
1164 705 1275 778 ὀυὶκιῖιν
1292 704 1419 805 ἄρθρον

316 825 371 896 οἰκ
395 821 533 921 (ἄρθρον
557 824 699 920 ἔχουσι’)
723 824 837 920 ἔχουσι
864 819 933 920 γάρ
954 819 998 894 τό
1015 853 1056 894 το
1076 823 1128 894 καί
1151 821 1195 894 τό
1212 852 1265 904 τι,
1283 820 1356 894 υἰον
1375 822 1420 893 τά

262 959 275 984 ·
316 939 452 1023 Αἴαντε,
468 938 514 1012 τά
532 941 650 1024 μαόσα.
697 939 749 1008 Ἠ
768 937 802 1010 ὀέ
818 938 953 1022 κλητικῆ
969 937 1093 1036 ἄρθρον
1110 939 1166 1008 οόκ
1181 940 1263 1034 ἔχει·
1289 936 1336 1010 τό
1354 937 1440 1034 γόρ5

269 1055 270 1058 ¹
315 1089 336 1130 α
354 1055 478 1156 άρθρον
495 1059 551 1128 οἰκ
567 1057 668 1139 ἔστιν,
686 1055 764 1126 ἁλλ’
781 1055 944 1152 ἐπίρρημα
957 1053 1119 1137 κλητικόν,
1134 1056 1174 1131 ὡς
1190 1055 1220 1124 εἰ
1236 1057 1300 1144 θεῷ
1318 1055 1419 1151 φίλον

314 1176 346 1246 ἐν
362 1181 411 1266 τῷ
429 1174 504 1273 περί
521 1171 650 1271 άρθριυυ
665 1174 856 1269 ῥηθήσεται.
897 1167 966 1252 Τῆς
984 1165 1038 1240 οῆν
1054 1171 1151 1266 ὀρθῆς
1167 1169 1219 1239 καί
1237 1171 1419 1250 αἰτιατικῆς

313 1289 486 1387 δεχομένης
510 1287 644 1386 ὄρθρον,
662 1287 791 1365 εἰκότως
816 1287 854 1356 οιί
878 1283 1009 1356 ὀόναται
1026 1287 1045 1367 »5
1065 1286 1199 1368 κλητικῆ
1224 1287 1298 1368 μετ’
1318 1287 1418 1355 αὐτῶν

313 1402 649 1502 παραλαμβάνεσθαι,
683 1403 754 1474 ε’πεί
784 1405 824 1480 ὡς
853 1404 1019 1498 εἰρῆκαμεν
1049 1404 1067 1484 »5
1100 1401 1236 1484 κλητικῆ
1266 1403 1324 1472 οόκ
1352 1402 1417 1496 ἔχει

313 1519 447 1618 ἄρθρον.
499 1519 553 1590 Τό
571 1518 605 1591 ὀὲ
626 1519 859 1603 σημαινόμενον
875 1516 987 1586 κωλόει
1013 1516 1073 1599 τῆν
1088 1517 1242 1600 κλητικῆν
1256 1515 1345 1600 μετὰ
1363 1523 1417 1598 τῆς
1428 1543 1455 1581 ιο

313 1640 410 1736 ὀρθῆς
436 1635 488 1708 καί
518 1638 698 1718 αἰτιατικῆς
725 1629 1060 1733 παραλαμβάνεσθαι,
1082 1631 1191 1715 ἕπειόῆ
1213 1637 1232 1716 »5
1256 1633 1316 1717 μὲν
1338 1634 1417 1730 ὀρθῆ

311 1754 364 1824 καί
390 1752 555 1835 αἰτιατικῆ
585 1753 718 1848 πρώτου
749 1751 801 1820 καί
838 1748 987 1845 θατέρου
1014 1747 1066 1818 καί
1091 1749 1211 1846 τρίτου
1235 1751 1417 1847 προσώπου

311 1869 415 1953 ἐστιν,
432 1869 501 1939 οἷον
523 1873 581 1938 νῶΐ
597 1865 735 1952 Aram,
751 1870 848 1963 σφῶϊ
860 1863 997 1947 Α’ίαντε,
1014 1868 1111 1961 σφῶε
1127 1862 1265 1936 Αἴαντε.
1315 1865 1368 1934 Ἠ
1384 1861 1417 1934 δί

311 1982 447 2066 κλητικῆ
465 1981 614 2080 δευτέρου
630 1981 731 2066 μόνον
755 1983 937 2080 προσώπου
960 1980 1062 2062 ε’στίν,
1081 1979 1150 2051 οἰον
1171 1985 1269 2076 σφῶΐ
1280 1979 1414 2052 Αἴαντε.

313 2098 492 2196 Διαφάρου
517 2095 570 2170 οἰν
596 2097 691 2175 ὄντος
710 2103 772 2170 τοῦ
802 2095 1045 2182 σημαινομένου,
1066 2101 1135 2173 πῶς
1157 2094 1307 2168 ὀόνανται
1334 2099 1451 2181 ὁμοιῖι5

312 2211 659 2311 παραλαμβάνεσθαι;
686 2213 803 2284 Ταῦτα
820 2211 878 2297 μὲν
895 2211 927 2282 ἐν
942 2213 1086 2289 ποθι-αις.

352 2327 479 2424 Ἀξιον
503 2327 538 2400 ὀὲ
562 2329 637 2399 ε’στί
663 2325 815 2426 ζητῆσαι,
842 2323 894 2396 ὀιά
919 2326 1018 2396 ποίαν
1043 2325 1151 2397 αἰτίαν
1177 2326 1232 2396 ε’πί
1261 2325 1321 2409 μὲν
1349 2329 1412 2398 τῶν

312 2441 420 2515 ὀυίκῶν
436 2445 488 2514 καί
505 2448 572 2514 τῶν
588 2446 810 2524 πληθυντικῶν
826 2445 845 2524 »5
863 2441 943 2524 αι’τῆ
968 2443 1062 2514 ἔστιν
1083 2442 1165 2539 ὀρθῆ
1186 2443 1239 2514 καί
1263 2443 1410 2526 κλητικῆ,

311 2555 381 2630 οἷον
396 2558 445 2628 πιίι
462 2555 589 2628 Αίαντε
605 2556 632 2628 ὦ
646 2555 784 2641 Αίαντε,
801 2559 834 2626 οἰ
850 2557 992 2635 Αἴαντες
1007 2558 1035 2629 ὦ
1050 2556 1203 2644 Α’ἰαντες,
1218 2559 1273 2628 ἔπί
1291 2557 1327 2630 ὀὲ
1342 2567 1410 2632 τοῖς

310 2675 422 2751 ἕνιιιοῖς
442 2673 478 2745 οό
501 2669 642 2760 πάντας,
658 2672 732 2744 ἔστι
750 2669 818 2770 γάρ
836 2672 896 2744 ὅτε
912 2670 1182 2756 διαλλάσσουσιν,
1200 2674 1305 2745 οἰονὸ
1326 2675 1450 2749 Aramo

308 2788 449 2873 ιίΑἰαυ,
466 2789 518 2860 καί
535 2791 628 2862 ἔστιν
645 2788 705 2860 ὅτε
720 2790 962 2886 ὁμοφωνοΰσιν,
977 2788 1047 2860 οἰον
1063 2792 1082 2860 ὀ
1101 2787 1221 2887 Λάχης
1236 2792 1262 2860 εἰ
1279 2787 1408 2887 Λάχης.

300 2906 431 2978 Ἔστιν
456 2903 510 2976 οόν
534 2907 634 2976 εἰπεῖν
658 2905 719 2986 τῆν
743 2905 852 2976 αἰτίαν
876 2905 1011 2992 ταθτηυ,
1036 2905 1091 2978 ὅτι
1119 2914 1178 2990 τῆς
1203 2904 1261 2989 μὲν
1286 2914 1409 2998 γενικῆς

308 3025 416 3115 μῆτηρ
434 3019 527 3091 ἐστὶν
544 3023 562 3102 »5
583 3021 697 3104 εόθεῖα,
715 3017 754 3114 ἐξ
771 3021 867 3104 αότῆς
890 3019 959 3118 γάρ
984 3022 1132 3094 τίκτεται
1159 3025 1177 3104 »5
1203 3022 1323 3114 γενικῆ,
1345 3027 1410 3093 τῶν

309 3133 344 3206 ὀὲ
365 3133 477 3205 ἄλλων
499 3137 656 3206 πτώσεων
678 3139 787 3234 μῆτηρ
807 3135 900 3208 ε’σπίν
922 3138 940 3217 »5
965 3139 1085 3229 γενικῆ.
1136 3133 1274 3218 Ἐπειόῆ
1300 3133 1356 3206 οὖν
1379 3136 1410 3204 ἐν

308 3259 380 3328 τοῖς
397 3249 511 3329 ὀνίκοίς
528 3253 561 3323 ἔν
578 3253 651 3325 ε’στι
668 3249 799 3325 τελικόν
814 3261 874 3336 τῆς
894 3259 1027 3344 γενικῆς,
1045 3251 1132 3348 φημί
1156 3249 1190 3322 ὀί
1214 3249 1258 3322 τό
1285 3280 1319 3337 ις,
1342 3249 1447 3338 οἰονις

308 3377 382 3440 τοῖν
398 3365 569 3451 Αἰάντοιν,
585 3378 661 3441 ταῖν
675 3367 839 3450 Ἑλέναιν,
856 3367 973 3451 ὁμοίως
990 3364 1025 3437 δὲ
1043 3366 1095 3437 καί
1118 3365 1151 3437 ἐν
1172 3375 1246 3443 τοῖς
1268 3371 1409 3450 πληθυν-

307 3496 410 3563 πικοῖς
426 3487 474 3558 ιἰεἰ
498 3483 541 3559 τό
564 3483 646 3559 αότό
672 3485 746 3557 ε’σπί
770 3481 901 3556 τελικόν
916 3491 975 3565 τῆς
992 3489 1125 3574 γενικῆς,
1143 3479 1230 3579 φημὶ
1251 3481 1290 3566 ὀῆ
1315 3482 1360 3554 τό
1378 3512 1407 3566 ιι,

307 3599 377 3671 οἰον
392 3605 458 3672 τῶν
474 3599 638 3684 Αἰάντιυν,
656 3607 721 3673 τῶν
745 3606 884 3686 μουσῶν,
908 3599 1037 3674 εἰκότας
1061 3597 1169 3682 ἕπειόῆ
1194 3600 1251 3670 οόκ
1275 3599 1407 3692 ἐγένετο

307 3712 468 3810 διάφορος
493 3719 511 3797 »5
538 3718 645 3808 γενικῆ
670 3714 754 3812 πρὸς
777 3715 838 3798 τῆν
863 3713 945 3785 ι’ὀίαν
969 3715 1101 3799 εόθεῖαν,
1128 3713 1199 3786 οόὀὲ
1228 3719 1247 3798 »5
1271 3715 1406 3800 κλητιιιῆ

306 3825 467 3926 διάφορος
484 3831 630 3922 γέγονεν,
648 3832 680 3900 ε’ν
697 3829 731 3900 ὀὲ
747 3841 818 3908 τοῖς
831 3829 1041 3912 Ἑλληνικοῖς
1057 3830 1166 3914 ε’πειόῆ
1184 3833 1239 3902 οἰκ
1261 3833 1355 3904 ἔστιν
1374 3831 1406 3902 ἓν
1417 3855 1446 3912 30

213 3955 253 4038 78
269 3979 289 4020 a
307 3944 348 4018 τό
374 3943 505 4016 τελικὸν
521 3953 579 4028 τῆς
605 3953 740 4038 γενικῆς,
767 3943 944 4037 (ἐμάθομεν
963 3945 1031 4044 γὰρ
1058 3946 1112 4018 ὅτι
1137 3943 1183 4018 τά
1211 3946 1327 4019 τελικὰ
1352 3957 1408 4032 τῆς

306 4069 430 4155 γενικῆς
446 4066 511 4132 τῶν
528 4063 632 4132 ἑνικῶν
653 4059 799 4158 διάφορα
825 4061 898 4144 εἰσί,
922 4061 1008 4134 ποτὲ
1033 4061 1182 4156 μὲνγὰρ
1208 4063 1282 4136 ε’σπί
1309 4063 1353 4136 τό
1380 4097 1405 4150 ι,

305 4174 374 4248 οἰον
398 4175 486 4253 Αἴας
510 4177 671 4262 Αἴαντος,
696 4176 783 4248 ποτὲ
808 4177 842 4248 ὀέ
870 4175 912 4248 τὸ
939 4207 969 4265 τ,
997 4173 1066 4248 οἰον
1092 4180 1230 4275 κοχλίας
1256 4181 1405 4278 κοχλίου,

303 4290 390 4364 ποτὲ
407 4291 441 4364 ὀὲ
456 4289 500 4363 τό
519 4320 549 4376 κ,
567 4289 636 4364 οἰον
654 4292 770 4376 Μηνᾶς
788 4293 915 4388 Μηνᾶ,)
933 4293 1064 4371 εἰκότας
1081 4293 1188 4378 ἕπειόῆ
1205 4303 1265 4378 τῆς
1282 4305 1405 4388 γενικῆς

301 4415 360 4491 τῆς
383 4407 417 4479 ἐν
440 4417 511 4484 τοῖς
536 4409 647 4484 ἔνικοίς
674 4409 729 4479 οἰκ
753 4409 845 4478 ἔστιν
873 4411 890 4489 »5
917 4404 1096 4503 κατάληξις
1120 4410 1190 4494 μία,
1216 4409 1310 4484 ἀλλὰ
1336 4411 1443 4498 διά-35
