2958 5018
408 297 473 358 ειν
495 297 551 358 το
574 297 866 360 οΝοΜΑτιιιου.
1122 313 1182 381 ηιι

51 459 111 532 τὸ
134 491 161 532 ο
181 463 218 532 έν
235 470 279 557 τῇ
295 471 414 559 γενική,
433 463 501 536 οἷον
517 467 620 566 κε’λωρ
637 468 787 563 ιιέλωρος,
805 466 964 559 (σημαίνει
982 465 1017 540 δέ
1032 465 1093 538 τὸν
1109 467 1185 550 υἱὸν,

54 577 173 675 παρὰ
191 577 238 650 τά
255 581 466 676 κελεθεσθαι,)
483 584 595 682 πέλωρ
612 584 761 681 πέλωρον
779 585 812 674 (ὁ
828 584 942 676 μέγας,
959 581 997 678 ἐξ
1012 583 1050 654 αθ
1069 584 1122 656 καί
1143 583 1185 655 τὸ

56 698 272 792 πελώριος.)
308 695 356 767 Εἰ
372 695 405 768 δέ
421 699 466 782 μή
482 699 594 796 ἔχουσι
612 698 655 772 τὸ
674 729 704 778 λ,
722 699 886 795 τρέπουσι
899 697 941 770 τὸ
959 730 980 772 ο
998 701 1040 776 εἰς
1056 696 1099 772 τὸ
1117 730 1135 772 o
1153 701 1185 770 έν

57 816 114 903 τῇ
156 816 284 906 γενικῇ,
317 808 388 883 οἷον
424 812 566 912 Νέστωρ
600 815 786 912 Νέστορος,
822 813 965 912 Μέντωρ
1000 814 1185 910 Μέντορος,

52 925 219 1024 Ἕκτωρ
249 925 429 1026 Ἕκτορος,
463 935 591 1028 ιιτήτωρ
625 935 798 1028 κτήτορος,
832 932 971 1029 οἰκήτωρ
1004 931 1210 1028 οιίιήτορος.5

65 1045 142 1113 Δεῖ
159 1048 368 1140 προσθεῖναι,
380 1047 479 1143 χωρὶς
496 1049 525 1118 εἰ
539 1048 584 1132 μή
599 1043 686 1119 κατὰ
703 1046 872 1130 ποιητικήν
889 1045 996 1120 ι’ίάιιαν
1010 1044 1185 1145 φυλάξωσι

63 1157 117 1232 τὸ
137 1189 163 1230 α
181 1161 218 1232 έν
232 1167 276 1256 τή
293 1169 409 1256 γενική,
428 1161 496 1234 οἷον
512 1165 552 1240 ὡς
568 1162 622 1233 ἐπὶ
639 1169 701 1234 τοῦ
721 1167 870 1260 μήστωρ,
887 1169 990 1234 τοῦτο
1008 1160 1076 1260 γὰρ
1094 1159 1185 1260 παρὰ

65 1279 125 1366 τῷ
144 1284 273 1371 ποιητῇ
291 1275 343 1348 έπί
366 1276 423 1361 μέν
438 1284 501 1350 τοῦ
515 1279 623 1375 κυρίου
639 1279 800 1360 ὀνόματος
816 1279 929 1375 τρέπει
947 1275 989 1350 τὸ
1007 1307 1028 1348 ο
1045 1281 1089 1354 ειί·
1104 1276 1147 1350 τὸ
1165 1309 1184 1348 ο

69 1391 109 1462 εἰν
126 1398 174 1487 τῇ
194 1399 312 1488 γενική,
330 1391 400 1466 οίον
423 1397 478 1488 [ll.
495 1393 540 1466 ω’.
561 1395 649 1486 α57.]

249 1517 377 1590 Μήστορά
390 1518 413 1573 τ’
427 1519 552 1575 ἀντίθεον.
1198 1527 1234 1566 10

72 1620 135 1690 ἐπὶ
161 1617 198 1692 δέ
222 1627 285 1692 τοῦ
308 1623 461 1694 ἐπιθέτου
488 1623 536 1694 ἀεὶ
562 1621 653 1720 παρὰ
677 1629 727 1715 τῷ
748 1628 869 1718 ποιητῇ
897 1621 1065 1721 φυλάττει
1091 1621 1134 1696 τὸ
1164 1654 1185 1696 ο

74 1737 112 1806 έν
142 1743 189 1830 τῇ
220 1745 338 1832 γεννικῇ,
368 1739 436 1810 οἷον
466 1749 488 1780 “
501 1743 676 1836 μήστωρας
705 1739 812 1820 ἀϋτήν,
842 1744 996 1837 μίστωρι
1025 1741 1186 1836 φάβοιο.”

77 1849 237 1924 Τοιαῦτα
254 1852 289 1924 δέ
305 1855 490 1950 εὑρίσκομεν
510 1856 562 1926 καί
588 1852 679 1928 ἅλλα
706 1852 797 1951 παρὰ
819 1865 891 1932 τοῖς
912 1855 1100 1940 Ἀθηναίοις
1122 1860 1186 1952 φν-

77 1965 260 2040 λάττοντα
283 1967 325 2041 τά
349 2000 370 2040 α
394 1969 478 2042 κατὰ
501 1971 561 2053 τήν
581 1975 715 2063 γενικήν·
743 1967 812 2042 οἷον
830 1971 975 2068 ήλέκτωρ
993 1972 1183 2068 ήλέκτωρος,

80 2081 117 2170 (ὁ
135 2081 254 2178 ήλιος,)
269 2083 407 2183 ταλάωρ
431 2083 604 2182 ταλάωρος
621 2084 678 2175 (τὸ
703 2085 830 2180 τάξον,)
848 2085 1035 2184 προπάτωρ
1052 2085 1186 2184 προτά-
1198 2109 1230 2170 15

80 2229 199 2296 τωρος.
243 2199 360 2274 Ταῦτα
378 2200 488 2274 πάντα
506 2200 660 2285 ποιητικά
678 2205 752 2273 εἶσι.

137 2326 158 2357 “
172 2315 231 2387 T&
252 2317 404 2414 Νέστορι
431 2323 480 2410 τῷ
504 2319 631 2416 κέλωρι,
649 2317 709 2390 τὸν
733 2318 897 2416 Νέστορα
920 2317 981 2390 τάν
1004 2318 1184 2416 κέλωρα,θ

87 2431 228 2530 Νέστορ
245 2435 400 2531 ώιιέλωρ.
440 2434 498 2506 Τώ
517 2433 676 2532 Νέστορι
690 2436 739 2509 τά
756 2435 887 2532 κέλωρε,
904 2445 977 2508 τοῖν
994 2433 1031 2506 Ν
1032 2436 1185 2533 ιστάροιν

85 2557 160 2618 τοῖν
176 2549 384 2645 κιλώροιν,ώ
405 2549 563 2648 Νέστορι
584 2551 611 2622 ώ
631 2553 761 2648 κέλωρε.
812 2551 860 2624 Οί
885 2551 1057 2648 Νέστορος
1079 2554 1112 2624 οί
1136 2552 1186 2624 κέ·

87 2672 198 2760 λωρει,
225 2671 291 2738 τῶν
320 2667 502 2763 Νιστάρων
530 2674 595 2740 τῶν
623 2671 778 2764 κελώρων,
809 2679 879 2745 τοῖς
908 2667 1084 2765 Νέστορσι
1114 2679 1233 2746 ταῖςιο

88 2779 236 2877 κέλωρσι,
269 2782 345 2858 τοὺς
379 2781 558 2880 Νέστορος
595 2783 672 2859 τοὺς
708 2784 859 2880 κέλωρας,
894 2786 920 2854 ὃ
953 2783 1126 2878 Νέστορος
1158 2785 1187 2854 οἳ

89 2897 249 2994 κέλωρες.”

515 3095 650 3187 [Κινάιι
676 3097 753 3190 κά]

142 3241 241 3336 Λέγει
266 3244 320 3318 ὅτι
343 3244 388 3318 τά
411 3249 454 3322 είς
475 3277 495 3317 ν
516 3251 667 3338 λήγοντα
685 3246 765 3343 ὑπὲρ
790 3248 867 3324 μίαν
884 3245 1057 3331 συλλαβήν
1073 3247 1113 3322 ιἰτ
1130 3246 1183 3318 ἐπὶ

93 3359 133 3432 τὸ
149 3367 307 3432 πλεῖστον
327 3359 380 3432 διὰ
402 3367 465 3432 τοῦ
488 3391 510 3433 11
533 3363 712 3446 κλίνονται,
729 3362 798 3433 οἷον
817 3358 973 3453 Κύκλωψ
992 3359 1183 3444 Κύκλωπος,
1196 3390 1230 3447 ²5

95 3473 223 3568 Αἰθίοψ
240 3475 417 3560 Αἰθίοπος,
439 3476 573 3570 Πέλοψ
592 3477 762 3555 Πέλοπος.
805 3477 962 3574 Ἕχομεν
979 3473 1048 3572 γάρ
1065 3475 1097 3544 έν
1113 3485 1185 3553 τοῖς
1225 3564 1230 3587 .

96 3593 325 3687 προλαβοῦσιν,
343 3593 397 3666 ὅτι
428 3593 473 3665 τὰ
503 3597 545 3670 εἰς
571 3593 707 3666 θιτλοῦν
732 3599 884 3687 λήγοντα
909 3590 952 3662 τά
978 3596 1101 3688 φωνῆεν
1126 3599 1184 3676 τῆς

97 3707 204 3782 εθθείας
229 3708 265 3777 αὖ
288 3708 467 3803 τρέπουσιν
492 3711 535 3786 εἰς
560 3707 649 3778 ἄλλο
675 3715 799 3806 φωνῆεν
824 3711 855 3780 έν
880 3713 923 3802 τῇ
949 3709 1066 3791 κλίσει,
1093 3706 1183 3778 ἀλλὰ

99 3817 315 3916 φυλάττουσιν
333 3824 423 3895 οὖτά·
452 3825 521 3896 οἶον
539 3823 663 3923 νάρθηξ
678 3822 843 3920 νάρθηκος,
861 3822 995 3918 σκώληξ
1009 3826 1184 3909 σκώληκος,

25 3941 51 4002 51
69 3935 242 4031 ῙιΚιίκλωψ
255 3939 450 4019 Κύκλωπος·
470 3943 569 4038 χωρίς
581 3947 642 4012 τοῦ
652 3939 793 4036 ἀλώπηξ
800 3942 976 4017 ἀλώπεκος·
994 3947 1097 4012 τοῦτο
1115 3939 1184 4037 γὰρ
1193 3971 1231 4026 30

99 4055 127 4124 έν
141 4053 247 4149 μέντή
266 4058 368 4148 εὐθείᾳ
386 4055 429 4128 τά
448 4088 470 4128 ιι
487 4059 566 4154 ἔχει,
583 4059 615 4129 έν
632 4056 666 4128 θέ
683 4063 724 4152 τῇ
744 4065 852 4153 γενική
867 4056 910 4128 τὸ
928 4087 958 4128 ιι.
1006 4055 1075 4127 Καὶ
1093 4057 1184 4127 ἅντι-

100 4170 226 4268 στρίφει
254 4171 288 4242 θέ
317 4174 336 4242 ὁ
366 4177 475 4244 κανών·
507 4173 637 4246 θάνατοι
668 4171 736 4270 γάρ
766 4205 817 4251 τις
846 4176 945 4244 εἰπεῖν
975 4173 1029 4242 ὅτι
1058 4171 1110 4240 καὶ
1139 4170 1182 4240 τά

101 4290 218 4382 φωνῆεν,
234 4285 277 4358 τὸ
295 4289 327 4358 έν
343 4294 385 4382 τῇ
404 4295 511 4383 γενικῇ
529 4295 687 4361 τουτέστι
713 4291 765 4360 καί
791 4291 824 4360 έν
843 4293 885 4382 τῇ
910 4287 1025 4376 εὐθείᾳ,
1040 4286 1094 4356 ἐπὶ
1117 4290 1182 4358 τῶν

101 4403 137 4478 είς
152 4399 278 4476 διπλοῦν
294 4405 476 4496 ληγόντων,
493 4401 562 4476 οἷον
579 4409 597 4486 ή
616 4403 776 4480 Πέλοπος
794 4404 911 4498 γενική,
930 4399 981 4472 διὰ
998 4407 1060 4472 τοῦ
1077 4433 1096 4472 ο
1113 4402 1180 4497 ἔχει

609 4535 658 4584 Ἠ
