2954 5024
9 323 47 386 ν.
400 329 488 388 ιιι
510 329 565 390 το
588 329 880 392 οιιοιιιτιιιοιι.
1143 339 1201 412 ¹97

66 498 230 593 ξύνεται
253 498 372 580 ὁμοίως
394 503 439 591 τῇ
462 497 568 594 ὄφεως
590 502 698 591 γενική
722 502 787 570 τῶν
809 499 923 570 ἑνικῶν·
950 498 1059 582 ε’πειδή
1079 500 1202 584 κάκείνη

69 612 143 686 διὰ
164 620 234 684 τοῦ
251 643 270 684 ι
287 614 340 684 καί
359 643 380 684 α
398 610 479 685 οὖσα
496 610 755 712 προπαραξύνθη
777 614 894 697 ὁμοίως
916 621 964 705 τῷ
988 615 1087 712 ὄφιος
1109 613 1155 709 ἐξ.
1168 615 1204 700 ής

69 730 142 800 καὶ
180 728 314 821 γε’γονε,
339 729 463 799 τούτου
492 726 591 826 χάριν
620 729 673 799 καί
703 732 722 811 ή
752 730 860 822 γενική
889 735 954 801 τῶν
980 735 1203 814 πληθυντικῶν

73 842 291 926 ὡμοπάνησε
311 843 427 937 ταύτῃ.
479 844 529 912 Ἡ
548 843 583 916 δὲ
603 845 707 942 ὀφίων
724 845 761 914 ού
783 843 1070 942 προπαροξύνεται
1094 844 1203 929 ε’πειδή

75 960 143 1028 καὶ
176 957 466 1056 προπαροξύνεται
493 963 511 1041 ή
537 960 644 1052 γενικὴ
669 965 734 1032 τῶν
757 961 862 1032 ἑνικῶν
886 964 904 1043 ή
927 961 1036 1058 ὄφιος,
1053 961 1132 1032 ἀλλ’
1148 959 1227 1038 οὖνὸ

78 1077 149 1146 οὐκ
168 1075 248 1146 ἔστι
267 1073 318 1146 διὰ
335 1081 398 1146 τοῦ
414 1105 434 1146 ι
450 1075 502 1145 καί
521 1105 554 1146 ιι.
606 1073 676 1144 Καὶ
694 1081 802 1146 ταῦτα
817 1073 876 1158 μὲν
892 1077 925 1146 ἐν
941 1077 1083 1153 τούτοις.

142 1189 244 1260 Ἀπὸ
265 1197 323 1272 τῆς
347 1188 474 1272 δοτικῆς
495 1194 561 1262 τῶν
583 1191 689 1260 ἑνικῶν
713 1197 771 1288 τῆς
797 1191 871 1287 ὄφιι
897 1191 948 1262 καί
976 1192 1059 1287 ὅφεΐ
1078 1191 1203 1262 κανονί-

80 1303 192 1404 ζεται
224 1305 362 1377 ἐνταῦθα
394 1309 412 1386 ή
443 1303 556 1386 δοτική
586 1309 652 1375 τῶν
681 1309 912 1389 πληίλιντικῶν,
937 1313 987 1398 τῷ
1014 1307 1120 1377 κανόνι
1151 1313 1201 1399 τῷ

82 1419 252 1518 εἷρημένιρ
274 1423 307 1491 ἐν
327 1425 371 1514 τῇ
394 1419 469 1517 περί
495 1427 556 1491 τοῦ
573 1421 801 1504 Δημοσθένεσι
820 1421 1025 1514 διδασκαλίᾳ,
1043 1421 1115 1494 ούδί
1131 1420 1200 1521 γάρ

84 1535 231 1608 δύναται
257 1539 478 1618 κανονισθῆναι
504 1533 573 1606 ιἰπδ
598 1543 657 1619 τῆς
681 1538 801 1614 εύθείας
825 1544 890 1610 τῶν
912 1541 1028 1624 ἔνικιῖιν,
1050 1539 1119 1610 ίπεί
1144 1541 1249 1611 ούκιο

9 1679 24 1744 3
38 1658 66 1722 b
86 1653 173 1724 ἔστι
190 1650 277 1736 μετὰ
293 1655 429 1748 μακρᾶς.
460 1651 547 1728 Τούς
564 1652 664 1748 ὄφιας
680 1653 732 1722 καί
751 1653 829 1750 ὄφις
840 1654 893 1724 καί
911 1655 1015 1752 ὄφεος
1026 1657 1078 1726 καί
1095 1655 1198 1752 ὄφεις.

80 1767 135 1838 Ὠ
155 1769 253 1865 ὄφιες
268 1769 321 1839 καί
337 1768 364 1840 ιδ
380 1767 458 1866 ὄφις
474 1767 526 1838 καί
543 1767 570 1837 ιδ
585 1768 682 1865 ὄφιες
697 1768 750 1839 καί
767 1767 794 1841 ιδ
810 1769 914 1867 ὄφεις.

539 1979 680 2080 [Κκιιδιι
700 1982 740 2056 ε’.

148 2115 281 2187 Ἰστίον
298 2114 332 2187 δὲ
353 2115 407 2186 ὅτι
428 2117 447 2184 ὁ
470 2114 528 2198 μίν
549 2113 727 2193 θεοδόσιος
746 2115 832 2199 μετὰ
848 2119 909 2199 τήν
926 2119 968 2194 είς
986 2149 1019 2189 ιι
1037 2116 1088 2188 διὰ
1105 2124 1168 2189 τοῦ
1184 2148 1195 2188 ι

94 2231 235 2320 διέλαβε
260 2231 334 2328 περὶ
362 2239 421 2314 τῆς
447 2261 479 2302 ιι
507 2230 710 2329 διφθόγγου·
745 2233 764 2301 ὁ
793 2229 827 2303 δὲ
849 2231 1063 2330 Ἡρωδιανὸς,
1088 2232 1196 2318 ἐπειδή
1210 2269 1218 2310 ι
1228 2267 1245 2327 5

95 2344 184 2430 μετὰ
206 2345 248 2417 τδ
266 2377 285 2418 ι
304 2351 428 2444 φιονήεν
444 2347 517 2418 ε’στί
538 2344 581 2418 τὸ
599 2377 631 2432 ι,
651 2344 736 2430 μετὰ
762 2345 807 2418 τὰ
832 2351 875 2425 εἰς
900 2378 939 2419 ιιι
961 2348 1097 2436 διάλαβε
1121 2349 1197 2446 περί

95 2467 165 2534 τῶν
181 2465 225 2539 εἰς
243 2491 295 2534 ιιι
312 2467 378 2533 τῶν
396 2459 447 2534 διὰ
469 2469 528 2544 τῆς
546 2491 579 2533 ιι
598 2460 792 2560 διφθόγγου
816 2464 868 2534 καί
894 2469 959 2536 τῶν
984 2465 1027 2541 είς
1051 2493 1122 2548 ιιι,
1144 2463 1197 2535 καί

99 2577 201 2654 ούτιος
222 2578 297 2675 περὶ
319 2583 385 2650 τῶν
402 2581 444 2655 εἰς
462 2607 504 2648 ιιι
521 2582 587 2650 τῶν
603 2576 655 2649 διά
672 2585 735 2650 τοῦ
752 2609 785 2649 ιι.
827 2577 933 2672 Λέγει
951 2579 1020 2652 δὲὸ
1037 2578 1198 2676 τεχνικὸς,

99 2695 155 2765 ὅτι
171 2691 216 2766 τά
233 2695 276 2770 είς
293 2723 346 2764 ιιι
364 2697 515 2786 λήγοντα
536 2691 617 2789 ὑπὲρ
633 2693 710 2776 μίαν
727 2693 902 2780 συλλαβήν
919 2692 971 2764 διὰ
989 2701 1052 2765 τοῦ
1069 2725 1111 2764 ιιτ
1127 2695 1199 2766 κλί-

101 2839 221 2892 νονται,
238 2805 316 2892 οἷον,
334 2809 434 2905 ἐρόεις
450 2809 607 2906 ἐρόεντος,
624 2811 748 2890 τιμήεις
763 2811 944 2889 τιμήεντος,
962 2810 1085 2905 χαρίεις
1102 2809 1199 2904 χαρί·
1209 2846 1246 2888 20

102 2953 200 3002 ενι-ος.
253 2923 459 3021 Πράσκειται
486 2937 506 2967 “
519 2922 599 3020 ὑπὲρ
623 2923 702 3007 μίαν
726 2923 917 3009 συλλαβήν”
945 2920 997 2994 διά
1026 2920 1071 2994 τά
1100 2953 1199 3006 μονο-

103 3039 269 3126 σύλλαβα,
287 3039 355 3110 οίον
373 3037 424 3110 διδ
446 3039 490 3112 τὸ
510 3039 552 3116 είς
574 3035 652 3124 ἔνδς,
669 3038 721 3108 καί
747 3037 832 3114 κτείς
853 3037 974 3114 κτενύς.
1026 3037 1141 3110 Τοῦτο
1164 3037 1198 3111 δὲ

103 3155 154 3225 καί
171 3152 313 3249 ὀξύνεται
338 3156 390 3226 καί
416 3155 561 3239 σημαίνει
587 3152 714 3226 πολλά·
741 3155 887 3237 σημαίνει
905 3153 939 3226 δὲ
957 3153 1070 3226 καὶτὸ
1089 3185 1199 3248 γυναι*

102 3280 183 3341 κεῖαν
206 3269 330 3342 κτίνιον
356 3269 394 3340 ού
417 3275 563 3366 χρῶνται
589 3270 643 3341 ἐπί
672 3276 721 3360 τῷ
746 3272 841 3361 ἱστῷ,
866 3272 919 3342 καί
948 3269 991 3344 τδ
1020 3273 1100 3366 παρ’
1125 3275 1198 3354 ήμΐν

104 3382 221 3456 κπίνιον
245 3390 311 3456 τιῖιν
332 3391 467 3483 τριχῶν,
493 3384 612 3458 καὶτὸ
636 3382 832 3468 θαλάσσιον,
858 3385 910 3456 καί
932 3383 976 3456 τδ
1002 3383 1134 3466 αἰδοῖον,
1158 3388 1245 3482 ὡςς5

106 3497 192 3596 παρὰ
209 3497 426 3597 Καλλιμάχῳ
1234 3505 1237 3510 ’

340 3625 382 3679 ε’πί
396 3624 484 3680 κτενὸς
496 3624 579 3694 ἴσχον
592 3622 702 3696 α’ίθειροι
717 3625 848 3697 (ἔθειραι).

109 3724 158 3796 Tc)
169 3724 201 3798 δὲ
213 3724 254 3804 εἷς
267 3729 485 3824 περισπᾶται,
495 3725 604 3810 ἐπειδή
618 3725 788 3826 ούδάτερον
804 3725 847 3800 τδ
864 3729 908 3799 ἕν.
936 3725 992 3798 Τὰ
1005 3725 1074 3825 γὰρ
1087 3730 1131 3806 είς
1144 3757 1198 3800 ιιι

109 3845 247 3934 λήγοντα
265 3841 413 3924 ὀνόματα
433 3843 731 3928 κοινολεκτούμενα,
747 3845 870 3939 ἔχοντα
894 3841 1065 3940 ούδετὲρου
1088 3874 1198 3942 παρα·

111 3954 344 4052 σχηματισμὸν,
362 3955 641 4054 ἀποστρέφονται
659 3959 719 4040 τήν
736 3956 843 4051 ὀξεῖαν
861 3954 971 4042 τάσιν,
989 3957 1058 4029 οἷον
1075 3961 1247 4056 χαρίειςγο

111 4071 221 4168 χαρίεν,
248 4074 372 4154 τιμήεις
406 4079 530 4156 τιμῆεν,
561 4071 712 4169 δαφνήεις
742 4071 893 4169 δαφνῆεν,
921 4070 1042 4156 αύδήεις
1075 4071 1197 4156 αύδῆεν.

112 4185 217 4277 Τούτῳ
233 4183 286 4256 ούν
302 4191 350 4278 τῷ
367 4187 463 4280 λόγῳ
479 4187 531 4258 καί
554 4185 597 4259 τὸ
620 4187 663 4265 είς
685 4188 765 4284 ἔχον
785 4186 955 4285 ούδετίρον
972 4191 1199 4284 παρασχήμα·

113 4301 227 4386 τισμδν,
265 4299 334 4374 οἷον
375 4301 418 4374 τδ
458 4305 503 4386 ἓν,
543 4303 800 4402 ἀποστρέφεται
843 4303 904 4386 τήν
943 4299 1049 4397 ὀξεῖαν
1087 4300 1198 4377 τάσιν.

117 4417 304 4516 Πρόσκειται
340 4429 360 4460 “
377 4417 545 4501 ὀνάματα”
579 4415 631 4490 διὰ
670 4416 731 4495 τὰς
772 4416 931 4516 μετοχὰς,
947 4461 950 4468 ·
965 4417 1035 4489 οῖον
1050 4466 1053 4477 ‹
1069 4415 1122 4489 διὰ
1155 4415 1199 4489 τά
