2966 5014
380 325 447 393 ΕΙΣ
468 331 525 393 ΤΟ
547 331 840 394 ΟΝΟΜΑΤΙΚΟΝ.
1096 336 1155 406 Ι77

32 491 111 592 γάρ
131 498 316 594 ὑποκριτής
332 501 388 570 ούκ
403 501 478 571 ἔστι
494 497 587 597 παρὰ
603 498 646 573 τδ
663 501 783 598 κριτής,
796 499 865 569 ε’τεί
878 498 1053 594 ύιιοκρίτης
1069 494 1157 593 εἶχεν

32 609 124 682 εἶναι
143 610 349 707 βαρυτάνως,
367 613 457 686 ἆλλᾶ
482 613 574 711 παρὰ
597 613 642 687 τὸ
667 615 878 710 ὑποκρίνομαι
904 614 990 685 ἐστί.
1041 610 1095 684 Τδ
1121 609 1156 682 δέ

32 728 177 810 ιἰληθῆς
195 727 247 800 διὰ
263 738 368 802 τοῦτο
385 732 418 802 έν
433 738 477 825 τῆ
493 730 638 803 συνθέσει
661 730 848 827 βαρύνεται,
868 728 937 799 οἷον
954 732 1154 824 φιλαλήθης,

32 849 248 930 μισαλήθης,
273 847 381 931 ἐπειδή
403 846 448 920 τῶ
471 846 522 919 διὰ
548 853 610 918 τοῦ
635 875 727 917 nent
751 845 890 916 σύνθετα
912 845 967 914 ἆτ’
993 843 1155 927 ὀνόματος

35 963 253 1056 βαρύνεσθαι
284 964 445 1049 θέλουσιν,
469 965 545 1046 ῆθος
572 962 680 1044 εύήθης
704 965 839 1043 συνήθης
864 963 1030 1043 κακοήθης,
1054 957 1180 1038 ούτως5

35 1075 93 1145 οὖν
124 1079 188 1147 καί
214 1079 336 1161 ἀληθής
359 1082 548 1175 φιλαλήθης
572 1080 766 1160 μισαλήθης.
819 1075 1027 1172 Πρόσκειται
1049 1086 1068 1116 “
1082 1076 1156 1146 σύν-

37 1195 127 1262 θετα
154 1192 228 1262 ιἰπδ
254 1189 433 1278 άνόματος”
453 1191 505 1264 διὰ
530 1189 574 1264 τί)
600 1190 732 1276 ἆληθής.
784 1191 899 1262 Τοῦτο
925 1189 994 1288 γὰρ
1020 1188 1072 1261 διὰ
1094 1197 1160 1262 τοῦ

39 1336 139 1378 nens
171 1305 212 1378 ὃν
231 1306 399 1403 ’ὀξύνεταα
426 1307 504 1379 ἀλλ’
531 1309 585 1378 ούκ
611 1310 685 1378 ἔστι
712 1307 866 1380 σύνθετον
887 1303 955 1376 ἀπὸ
981 1306 1153 1389 ὀνόματος,

40 1423 123 1492 ἀλλ’
147 1421 222 1493 ἀπὸ
243 1426 389 1520 ῥήματος
411 1431 472 1496 τοῦ
501 1424 716 1506 σημαίνοντος
739 1421 783 1494 τδ
808 1419 957 1494 λανθάνω
979 1421 1031 1492 καί
1054 1427 1118 1492 τοῦ
1133 1450 1153 1491 ιι

40 1545 254 1635 στερητικοῦ
281 1540 502 1636 έπιρρήματος
531 1539 667 1631 γέγονεν
692 1539 824 1626 ἀληθής,
851 1538 946 1608 οἱονεί
974 1541 993 1608 ὁ
1020 1539 1203 1635 ἐστερη-ιο

42 1655 145 1733 μένας
172 1662 234 1736 τῆς
261 1659 372 1738 λήθης,
397 1661 496 1748 ήγουν
522 1661 581 1736 τῆς
603 1651 736 1738 πλάνης·
763 1655 782 1724 ὁ
808 1651 876 1750 γὰρ
897 1653 1018 1736 ἆληθῆς
1044 1651 1154 1724 οὐδένα

46 1775 180 1862 πλανᾷ.

88 1884 236 1956 Τούτων
248 1883 349 1963 ούτως
361 1888 537 1983 εἰρημένων,
548 1886 677 1982 ἐδείχθη
688 1885 740 1956 διὰ
750 1891 816 1958 τῶν
826 1886 1089 1984 τρολεχθέντων,
1100 1885 1154 1957 ὅτι

48 2003 108 2092 (εἰ)
122 2002 164 2082 ῆν
179 2005 242 2072 τοῦ
256 2001 428 2098 Ἡρακλῆς
445 2007 463 2084 ή
480 2005 627 2079 σύνθεσις
648 2001 716 2072 άπὸ
733 2009 795 2073 τοῦ
811 2003 936 2088 άκλεής,
953 2001 1080 2100 ῶφειλε
1094 2003 1155 2085 τήν

47 2115 162 2208 ὀξεῖαν
176 2115 323 2214 φυλάξαι
339 2125 402 2189 τοῦ
417 2117 531 2202 άκλεῆς
547 2121 600 2190 καί
618 2119 770 2212 γενέσθαι
782 2119 969 2216 Ἡρακλεῆς
986 2117 1153 2212 ὀξυτόνως.
1169 2145 1203 2204 15

49 2231 156 2303 Ἀλλ’
188 2231 282 2304 ἔστιν
307 2236 407 2304 εἰπεῖν
432 2233 485 2305 ὅτι
517 2235 659 2328 εύλάγως
686 2232 729 2306 τῶ
754 2233 942 2330 Ἠρακλέης
967 2235 1153 2330 βαρύνεται,

52 2347 164 2432 ἐπειδή
194 2349 300 2445 κύριον
325 2349 409 2420 ἐστί·
434 2347 479 2420 τὰ
505 2348 539 2422 δὲ
564 2353 606 2427 είς
629 2379 672 2420 ιη
695 2353 846 2442 λήγοντα
872 2349 962 2445 κύρια
986 2349 1155 2447 ἀποστρέ-

8 2465 182 2557 ἱίνφονται
196 2465 256 2546 τήν
268 2462 375 2559 ὀξεῖαν
384 2462 493 2547 τάσιν,
503 2467 660 2538 τουτέστι
672 2467 872 2562 βαρύνονται
885 2465 903 2547 ή
917 2470 1154 2561 περισπῶνται·

53 2575 223 2671 ὀξύνονται
251 2579 320 2666 μέν,
346 2577 415 2652 οἷον
441 2582 651 2666 Δημοσθένης
676 2580 841 2665 Διομήδης
868 2581 1039 2674 Διογένης,
1064 2613 1156 2681 περι-

53 2701 204 2768 σπῶνται
231 2694 276 2782 δέ,
300 2694 368 2767 οίον
391 2696 531 2794 Ναρσῆς
548 2695 677 2795 Ἐρμῆς
700 2696 871 2779 Ἀπελλῆς
897 2697 1022 2778 Σωσῆς,
1047 2703 1203 2769 τοῦτονο

54 2807 121 2906 γὰρ
149 2819 374 2909 περισπῶνται
409 2813 461 2884 καί
495 2815 549 2884 οὐκ
584 2811 763 2907 ὀξύνονται·
807 2813 1065 2895 σεσημειωμένων
1094 2819 1157 2883 τοῦ

55 2925 184 3018 αι’γενῆς
199 2928 251 2997 καί
269 2927 401 3024 εύτυχής
423 2928 476 2998 καί
493 2927 640 3025 ἀπρεπής
656 2928 708 2997 καί
728 2926 905 3025 διοτρεφής
927 2927 980 2998 καί
1001 2928 1156 3025 νημερτής

56 3042 105 3112 καί
116 3041 274 3136 ἆψευδής,
283 3045 334 3114 καί
345 3049 406 3114 τοῦ
417 3043 450 3113 ἐν
462 3048 505 3137 τῆ
515 3043 661 3135 συνηθείᾳ
675 3044 857 3136 λεγομένου
869 3048 1033 3127 κακοετής·
1046 3050 1156 3116 ταῦτα

58 3155 122 3253 γὰρ
136 3161 273 3231 ἐπίθετα
283 3159 365 3240 ήσαν
377 3159 429 3228 καί
442 3157 613 3253 ῶξύνοντο,
624 3160 676 3230 καί
690 3159 810 3233 λοιπὸν
824 3161 979 3254 γενόμενα
993 3161 1083 3258 κύρια
1096 3163 1156 3244 τήν

57 3271 154 3357 ούτήν
170 3271 270 3346 τάσιν
285 3271 466 3370 ἐφύλαξαν,
483 3276 568 3373 φημί
587 3274 624 3358 δή
640 3271 701 3359 τήν
718 3273 834 3370 ὀξεῖαν.
876 3275 1026 3353 Εἰκότως
1042 3274 1096 3347 οὖν
1111 3275 1154 3348 τὸ
1165 3301 1201 3360 25

56 3385 241 3483 Ἠρακλέης
270 3391 309 3466 ὡς
334 3389 441 3485 κύριον
466 3391 638 3486 ἐβαρύνθη.
681 3387 814 3464 Ἀλλοι
843 3391 878 3463 δέ
902 3399 968 3465 τῶν
990 3394 1157 3475 ἐπισήμων

61 3509 294 3598 γραμματικῶν
311 3505 443 3576 θέλουσι
469 3505 580 3598 λέγειν
596 3505 656 3591 τήν
673 3505 822 3578 σύνθεσιν
838 3504 906 3577 ἆπδ
923 3513 985 3579 τοῦ
1004 3508 1078 3603 ήρο,
1094 3513 1155 3579 τοῦ

61 3620 272 3698 σημαίνοντος
295 3619 356 3702 τήν
376 3619 450 3702 μετ’
467 3620 646 3718 ἐπικαιρίας
669 3620 778 3720 χάριν,
796 3621 847 3692 καί
872 3619 963 3718 παρὰ
987 3619 1030 3693 τδ
1051 3621 1154 3704 κλέος,

62 3732 213 3824 λέγοντες
241 3733 295 3806 ὅτι
319 3732 490 3816 Ἀλκείδης
515 3733 582 3833 πρδ
607 3739 729 3810 τούτου
752 3738 902 3830 ἐλέγετο,
927 3737 1006 3807 ἀλλ’
1031 3739 1065 3808 ἐκ
1094 3745 1156 3809 τοῦ

63 3851 141 3920 πᾶσι
171 3851 302 3937 βοηθεῖν
331 3849 449 3932 ἐκλήθη
476 3849 659 3947 Ἡρακλῆς,
683 3855 724 3930 ὡς
748 3853 801 3924 καί
823 3855 842 3924 ὁ
868 3851 1029 3950 χρησμὸς,
1056 3855 1203 3954 φασί,3ο

65 3957 154 4042 δηλοῖ
168 3965 187 4033 ὁ
205 3961 289 4058 πρὸς
305 3961 403 4035 αι’ντδυ
419 3967 561 4062 λεχθείς,
576 3969 660 4064 ἔχων
677 3967 788 4049 οὕτως,

177 4095 321 4168 Ἡρακλέην
334 4096 366 4152 δι’
376 4117 409 4152 σι
422 4099 519 4166 Φοῖβος
531 4099 666 4171 ι’πίινυμον
679 4102 836 4173 ἐξονομάζιι,

176 4191 227 4266 ήρα
238 4195 290 4268 γάρ
302 4193 463 4266 ἀνθρώποισι
475 4195 564 4268 φέρων
577 4197 654 4254 κλέος
667 4198 780 4271 ἄφθιτον
793 4199 868 4271 ίξειε.

67 4307 141 4398 Καὶ,
156 4317 197 4392 ὡς
213 4317 390 4413 εἰρήκαμεν,
408 4315 539 4414 (ἄλλοι)
556 4323 622 4391 τῶν
639 4315 722 4390 πάνυ
738 4321 903 4405 ἐπισήμων
920 4326 1156 4419 γραμματικῶν

67 4429 176 4512 Ταύτης
199 4439 259 4515 τῆς
289 4429 384 4526 δόξης
411 4434 574 4527 ἐγένοντο.
622 4431 779 4530 Ἔχομεν
807 4433 841 4506 δέ
868 4439 956 4517 ήμεῖς
982 4433 1154 4508 ἀντιθεῖναι
1165 4465 1202 4525 35

601 4569 658 4610 Aa
