2982 5022
297 308 339 391 3⁶
585 305 786 366 Γεανιιος
807 301 1101 364 κοινοοοιιιον
1412 168 1471 398 μή

299 507 401 548 κειται
416 489 436 518 “
446 478 540 545 όπλᾶ
552 472 700 572 καθαρὰ”
711 470 762 544 όιᾶ
775 469 818 544 τό
827 470 1185 550 ἈτλαςἈτλαντος·
1211 472 1316 539 τοῦτο
1329 463 1403 561 γὰρ
1471 480 1472 500 ’

302 596 379 666 οὔτε
394 596 521 662 ἁπλοῦν
537 590 640 671 ἐστίν,
657 587 725 661 ιἰπό
743 587 811 686 γὰρ
836 595 899 660 τοῦ
919 619 941 659 α
960 593 1022 659 τοῦ
1043 585 1236 658 ἕτιτατικοῦ
1260 581 1314 652 καί
1339 585 1407 652 τοῦ

303 705 400 794 τλὰς,
415 712 479 778 τοῦ
494 706 708 789 σημαίνοντος
724 703 767 776 τό
783 715 965 802 καρτερεῖν,
983 703 1111 795 γίνεται
1128 698 1245 782 ἔτλας,
1263 696 1362 768 οἱονεὶ
1387 696 1408 764 ὁ

305 820 389 893 πάνυ
404 822 578 906 ὑπομένων,
595 820 673 890 ἀλλ’
686 821 762 890 οὔτε
775 818 809 890 δὲ
825 817 953 916 καθαρά
974 821 1067 902 εἰσιν,
1084 817 1151 912 ἔχει
1173 811 1241 910 γὰρ
1259 809 1328 909 πρὸ
1344 815 1411 883 τοῦ

308 969 328 1009 ιι
352 939 465 1034 ἕτερον
486 936 671 1032 σύμφωνον,
689 939 788 1026 ήγουν
807 932 850 1007 τό
871 965 902 1019 τ,
919 931 1004 1004 κατὰ
1027 928 1212 1023 σύλληψιν,
1229 926 1437 1002 τοντέστιν5

307 1053 402 1130 ὁμοῦ.
429 1049 635 1147 Πρόσκειται
654 1061 674 1090 “
684 1050 728 1131 μή
741 1050 864 1146 ἔχοντα
878 1047 924 1125 θὶς
940 1046 983 1119 τὸ
1002 1050 1055 1130 κ,”
1068 1045 1120 1118 &a
1133 1043 1175 1118 τὸ
1191 1041 1338 1118 Πάλλας
1355 1041 1412 1110 καὶ

309 1166 452 1249 Κίλλας,
469 1171 575 1236 ταῦτα
594 1161 662 1260 γὰρ
681 1162 886 1240 Πάλλαντος
902 1164 955 1234 καί
974 1163 1168 1238 Κίλλαντος
1185 1165 1415 1256 περιττοσυλ-

308 1278 420 1368 λόβως
436 1281 611 1351 κλίνονται.
663 1278 870 1375 Πρόσκειται
889 1291 909 1320 “
921 1280 1104 1372 μονογενῆ”
1125 1272 1237 1350 διὰτὸ
1254 1270 1375 1352 τόλας,
1394 1271 1414 1341 ὃ

309 1397 454 1479 σημαίνει
467 1393 527 1466 τόν
539 1393 666 1478 ἄθλιον,
679 1396 731 1464 καί
751 1393 793 1466 τό
810 1395 922 1478 μέλας,
939 1401 1046 1466 ταῦτα
1060 1391 1129 1489 γὰρ
1140 1385 1417 1489 περιττοσυλλό-

310 1513 377 1599 βως
401 1511 576 1592 κλίνονται,
602 1509 671 1582 οἷον
697 1511 859 1593 μέλαντος
883 1510 1034 1594 με’λανος,
1058 1505 1227 1582 τόλαντος
1255 1501 1415 1584 τόλανος,
1429 1532 1463 1571 10

311 1632 371 1696 τοῦ
391 1656 411 1696 τ
431 1625 692 1714 ἆτοβληθὲντος,
710 1625 787 1696 ἀλλ’
805 1627 860 1696 ούκ
884 1627 959 1696 ἔστι
984 1631 1156 1715 μονογενῆ,
1173 1622 1333 1712 λέγονται
1361 1619 1417 1689 καὶ

313 1747 452 1826 θηλυκῶς
476 1741 527 1812 καί
554 1740 735 1838 οὐδετέρως,
752 1741 831 1824 οἷον,
848 1739 990 1813 τάλαινα
1006 1741 1154 1824 μέλαινα,
1170 1735 1280 1810 τιίλαυ
1296 1736 1419 1822 μέλαν,

317 1856 367 1926 καί
384 1855 427 1928 τό
441 1857 559 1932 Μέλας
576 1854 664 1926 δὲτὸ
677 1857 794 1952 κύριον,
807 1860 836 1929 εί
847 1859 899 1928 καί
913 1856 1084 1949 μονογενὲς
1096 1857 1201 1941 ἔστιν,
1214 1853 1421 1936 ἠκολούθησε

226 1999 269 2068 45
285 1968 401 2047 λκατὰ
417 1971 477 2052 τήν
501 1971 609 2041 κλίσιν
630 1975 694 2042 τῶν
711 1971 877 2055 ἐπιθέτων,
893 1973 946 2042 καί
966 1967 1288 2068 περιττοουλλόβως
1313 1969 1422 2038 κλίνε-

315 2117 371 2158 ται
389 2086 505 2170 όμοίως
521 2087 619 2176 αύτῷ,
637 2082 705 2156 οἷον
724 2085 888 2169 Μέλανος,
912 2086 1059 2180 (ἐγένετο
1077 2084 1112 2156 δὲ
1128 2087 1224 2162 οὗτος
1241 2091 1419 2176 συγκλιτι-
1433 2113 1466 2173 15

314 2200 368 2279 κός
383 2199 630 2298 (συγκλητικὸς)
639 2201 834 2294 Ῥωμαίων.)
855 2213 875 2244 “
888 2203 1110 2289 Δισυλλαβα”
1126 2200 1161 2272 δὲ
1170 2199 1370 2297 πρόσκειται
1385 2199 1421 2268 ἓν

316 2321 363 2406 τῷ
381 2316 487 2386 κανόνι
505 2315 585 2388 αὐτὸ
601 2315 644 2388 τὸ
663 2314 710 2400 όν,
728 2317 765 2387 ού
782 2314 865 2413 πρὸς
877 2315 1134 2400 ἇντιόιασπολήυ
1151 2317 1265 2413 ἑτέρου
1279 2316 1383 2392 τινός.

321 2491 324 2498 ,
368 2429 423 2499 Τὰ
441 2433 484 2507 εἷς
502 2460 564 2502 An
581 2436 732 2524 λήγοντα
746 2431 946 2520 δισύλλαβα,
958 2433 1126 2529 ἀρχόμενα
1139 2429 1208 2503 ἀπὸ
1222 2435 1420 2528 φωνήεντος,

317 2546 440 2640 ἔχοντα
452 2543 497 2622 δίς
509 2545 552 2617 τὸ
565 2575 621 2628 ΔΛ,
634 2547 793 2643 ὁμόφωνα
810 2549 938 2644 κυρίοις,
954 2543 1277 2645 περιττοσυλλόβως
1292 2547 1424 2616 κλίνον-

319 2691 387 2741 ται,
412 2665 511 2752 ήγουν
536 2658 588 2732 διὰ
610 2667 672 2733 τοῦ
698 2691 750 2743 κν,
776 2659 845 2733 οἷον
871 2661 1009 2740 Κύλλας
1036 2663 1245 2747 Κύλλαντος,
1276 2658 1424 2738 Βόλλας
1435 2694 1473 2732 20

322 2773 533 2864 Βόλλαντος,
583 2777 716 2853 Φέλλας
766 2777 969 2860 Φέλλαντος,
1014 2775 1160 2856 Πάλλας
1200 2775 1424 2854 Πάλλαντος.

323 2889 528 2984 Πρόσκειται
547 2903 567 2933 “
579 2890 786 2978 δισύλλαβα”
805 2891 856 2962 διὰ
873 2891 919 2964 τὰ
935 2892 1016 2992 ὑπὲρ
1034 2893 1089 2966 δύο
1100 2890 1285 2982 συλλαβάς·
1311 2900 1425 2964 ταῦτα

322 3002 390 3100 γὰρ
415 3005 536 3100 ἔχοντα
562 3005 608 3083 όίς
632 3005 674 3078 τό
701 3036 722 3078 ιι
751 3005 861 3079 πόντα
889 3007 1122 3097 ι’σοσυλλόβως
1146 3011 1323 3091 κλίνονται,
1351 3007 1428 3080 οἷον

319 3119 457 3196 Ἰόλλας
474 3120 604 3206 Ἰόλλα,
619 3120 800 3208 Ἀβόλλας
813 3120 990 3211 Ἀβόλλα,
1005 3123 1123 3210 (ὄνομα
1141 3123 1175 3196 δὲ
1190 3131 1296 3197 τοῦτο
1313 3155 1429 3196 τοπα-

322 3240 412 3329 μού,)
426 3232 597 3318 Ἀμύλλας
610 3235 776 3321 Ἀμύλλα,
789 3237 908 3335 (παρος
925 3239 1001 3336 (sic)
1020 3239 1054 3312 δὲ
1065 3246 1128 3312 τοῦ
1144 3243 1323 3328 ποταμοῦ,)
1336 3237 1428 3311 Λευ-
1439 3271 1474 3330 ²5

323 3349 446 3426 κολλας
464 3349 650 3422 Λευκόλλα.
692 3351 899 3449 Πρόσκειται
918 3367 937 3396 “
947 3356 1115 3453 ἀρχόμενα
1133 3355 1202 3428 ἀπὸ
1219 3359 1428 3452 φωνήεντος”

324 3463 375 3536 διὰ
392 3462 435 3538 τό
454 3466 583 3545 Σίλλου
596 3467 720 3552 Σίλλα,
731 3467 853 3546 Ἴλλας
864 3469 980 3542 Ἴλλα·
1010 3477 1117 3543 ταῦτα
1131 3469 1211 3569 γὰρ,
1227 3469 1336 3554 ἐπειδὴ
1353 3469 1428 3542 ἀπὸ

324 3583 505 3674 φωνήεντος
522 3584 577 3652 ούκ
594 3579 746 3679 ἄρχεται,
764 3581 999 3672 ι’σοσυλλιίβως
1015 3586 1170 3658 κλίνεται.
1197 3583 1251 3656 Τό
1267 3584 1325 3668 μὲν
1339 3583 1432 3656 Σίλ-

324 3701 386 3770 λας
398 3692 466 3764 ἀπὸ
480 3698 646 3792 ήμιφιύνον
658 3695 809 3793 ἄρχεται,
823 3699 909 3794 φημί
928 3697 1043 3782 δήτοῦ
1061 3724 1088 3772 2·
1109 3699 1152 3772 τό
1170 3699 1338 3775 θὲἼλλας
1356 3699 1431 3771 ὰπὸ

326 3811 518 3905 φωνήεντος,
532 3811 617 3906 φημὶ
636 3809 746 3892 δήτοῦ
763 3843 785 3882 ι.
813 3813 1020 3909 Πρόσκειται
1035 3812 1069 3886 δὲ
1087 3826 1107 3856 “
1118 3817 1355 3911 όμοφωνοῦντα
1372 3846 1431 3886 κυ-
1442 3853 1481 3910 30

325 3923 425 4018 ριόις”
442 3919 493 3994 όιᾶ
511 3922 553 3995 τὸ
571 3923 705 4002 Κίλλας
722 3925 928 4005 Κίλλαντος.
959 3927 1074 4000 Τοῦτο
1091 3925 1160 4025 γάρ
1177 3929 1252 4000 ἔστι
1274 3929 1326 4000 καί
1345 3931 1434 4014 ὁμο-

327 4039 439 4136 φιόνως
454 4039 572 4136 κυρίως.
609 4039 717 4112 Ἔστι
736 4039 838 4112 δὲκαὶ
855 4043 955 4122 ἔθνος.

377 4152 433 4225 Τὰ
463 4157 505 4231 είς
531 4183 596 4226 κου
620 4154 747 4254 καθαρὰ
773 4155 854 4254 ὑπὲρ
882 4156 937 4230 δύο
967 4157 1152 4248 συλλαβὰς,
1177 4161 1221 4244 μή
1247 4159 1286 4254 ἐξ
1309 4165 1434 4236 α’πλῶν

326 4265 645 4361 περιττοσυλλόβως
656 4273 846 4358 κλινομίνων
859 4275 1094 4360 συντεθειμένα,
1106 4273 1342 4361 ι’σοσνλλόβως
1359 4279 1436 4350 κλί-

328 4413 448 4465 νονται,
467 4383 535 4456 οἷον
554 4384 704 4484 Περίλας
732 4387 878 4486 Περέλο,
897 4389 1059 4468 Κωπὲλας
1085 4390 1241 4474 Κωτέλα,
1260 4389 1436 4474 Μιόιόλας
1447 4425 1482 4482 35
