2954 5020
378 313 445 374 αα
466 313 522 374 το
545 313 836 374 ουονικτικοκ.
1112 325 1153 388 99

47 482 189 559 Αἰολεῖς
213 483 267 552 ε’τὶ
293 487 358 554 τῶν
380 487 423 559 εἰς
449 513 489 554 κν
515 489 580 553 τῶν
599 483 742 578 ἐχόντων
758 481 882 580 μακρὸν
898 481 941 553 τὸ
966 511 985 552 κ
1009 509 1154 576 προστι-

49 599 146 670 θέασι
163 597 208 670 τὸ
226 629 249 681 1,
264 603 317 672 ἵνα
339 601 373 670 έν
391 606 503 691 ταυτῷ
525 599 578 670 καὶ
603 605 799 698 χαρακτῆρα
822 595 959 692 δόξωσιν
984 595 1154 692 ἀποστρέ-

47 717 178 810 φεσθαι
212 715 272 798 τῆν
301 712 409 809 ὀξεῖαν
440 712 538 786 τάσιν
567 714 619 785 καὶ
646 714 859 812 βραχυτέραν
887 713 947 796 τῆν
978 711 1153 798 συλλαβὴν

47 828 320 928 ἆτεργόσωνται.
373 829 579 927 Πρόσκειται
608 830 756 927 ἀνωτέρω
783 841 804 871 “
816 835 874 911 τῆς
900 828 1037 925 ἐχούσης
1065 824 1109 898 τὸ
1138 855 1150 897 ι

46 951 289 1045 ἕκφωναόμεναν
306 976 340 1018 ιι
366 945 586 1044 διφθόγγου,”
606 945 714 1029 έπιιδῆ
733 953 792 1028 τῆς
818 973 851 1015 ιιι
877 941 1072 1041 διφθόγγαυ
1092 950 1177 1026 τῆςς

48 1067 190 1162 ι’·χοόσης
221 1061 265 1136 τὸ
293 1093 304 1134 ι
334 1065 560 1161 ἆνεκφόνητον
590 1065 645 1134 οὖκ
678 1063 752 1134 ἔστι
787 1057 901 1160 μεῖζον
929 1059 972 1132 τὸ
1002 1091 1019 1130 κ
1051 1061 1150 1157 φύσει

19 1179 187 1279 αμακρὸν,
205 1181 257 1250 καὶ
274 1177 357 1263 αὕτη
371 1177 440 1276 γὰρ
459 1177 502 1250 τὸ
522 1209 538 1249 κ
559 1179 657 1276 φύσει
674 1177 799 1276 μακρὸν
815 1177 894 1275 ἔχει·
916 1176 990 1248 ὅθεν
1007 1174 1119 1247 καὶτὸ
1138 1205 1149 1246 1

50 1299 279 1395 ἆνεκφιὸνητον
295 1295 380 1368 ἐστι’.
418 1293 472 1366 Τὸ
491 1325 510 1366 Α
527 1293 651 1393 μακρὸν
677 1295 751 1366 ἐστὶ
778 1295 876 1392 φύσει
902 1293 954 1364 καὶ
979 1290 1101 1392 μεῖζον,
1119 1295 1152 1364 έν

50 1413 157 1506 ταύτῃ
184 1408 253 1508 γὰρ
278 1408 322 1481 τὸ
348 1441 369 1481 ιι
394 1411 492 1508 φύσει
522 1411 646 1511 μακρὸν
672 1413 753 1510 ἔχει,
780 1409 849 1483 οἶον
877 1417 927 1502 τῷ
956 1411 1077 1508 καχλίᾳ
1103 1415 1151 1501 τῷ

52 1528 180 1619 Αἰνείᾳ·
198 1529 231 1600 έν
247 1524 294 1604 οἷς
310 1527 368 1598 σὺν
386 1531 446 1618 θεῷ
463 1531 481 1609 5
498 1526 627 1625 τρᾶξις.
1165 1545 1201 1586 ¹0

101 1657 123 1686 ‘⁶
137 1643 200 1734 Τῷ
215 1643 367 1716 Asana-af
401 1641 589 1744 Κανονέζων
614 1645 674 1728 τῆν
691 1643 829 1726 δοτικῆν,
854 1642 922 1714 ιἰπὸ
944 1651 1002 1727 τῆς
1031 1651 1155 1736 γενικῆς

53 1764 153 1844 αὖτῆν
168 1756 323 1859 κανονέζει
347 1760 464 1852 λέγων,
485 1759 538 1832 ότι
566 1772 587 1803 “
601 1759 708 1832 Πᾶσα
734 1760 842 1853 γενικῆ
867 1762 910 1836 εἷς
936 1787 976 1830 αι
1001 1763 1154 1853 λήγουσα

53 1883 166 1976 τροπῇ
195 1881 258 1948 τοῦ
286 1905 327 1947 αι
351 1878 395 1952 εἷς
418 1906 428 1946 ι
452 1876 512 1958 τῆν
539 1875 668 1959 δοτικῆν
697 1886 787 1947 ποιεῖ
813 1875 976 1961 ὁμότονον
995 1876 1047 1946 καὶ
1074 1873 1156 1960 ὁμό-

55 2025 187 2091 χρονον,
204 1989 273 2064 οἷον
290 1991 437 2068 Αἴαντας
453 1990 608 2064 Aram-23⁹
658 1989 745 2063 Ἰδοὺ
768 1999 872 2064 ταῦτα
897 1989 1027 2090 ἔτρεψε
1050 1990 1093 2065 τὸ
1115 2023 1154 2063 oz

55 2113 95 2187 εἷς
129 2141 155 2190 1,
178 2108 231 2179 καὶ
264 2109 399 2191 έταέησε
426 2109 486 2192 τῆν
520 2107 648 2190 δοτικῆν
677 2109 840 2192 ὁμότονον
870 2110 923 2179 καὶ
957 2110 1154 2206 ὁμόχρονον.
1167 2123 1202 2184 ¹5

56 2227 244 2311 Ὀμότανον
259 2225 327 2309 μὲν,
345 2225 398 2297 ότι
425 2225 461 2296 ὃν
485 2226 583 2298 τόνον
608 2225 676 2322 ἔχει
703 2229 721 2307 ἧ
747 2225 865 2317 γενικῆ,
890 2223 951 2296 τὸν
972 2223 1070 2297 αὸτὸν
1087 2227 1156 2322 ἔχει

58 2346 106 2415 καὶ
133 2348 153 2426 ῆ
174 2341 296 2424 δοτική·
333 2343 518 2440 ὁμόχρονον
545 2342 589 2426 δέ,
620 2343 674 2414 ὁτι
699 2340 812 2439 ὥσπερ
839 2345 858 2423 ῆ
884 2341 993 2434 γενικῆ
1017 2344 1085 2439 ἔχει
1111 2337 1156 2412 τὸ

59 2489 96 2529 αι
120 2459 247 2556 βραχὺ,
263 2457 348 2530 οὕτω
371 2459 423 2529 καὶ
450 2462 468 2540 ῆ
492 2457 603 2542 δοτικὴ
619 2457 662 2531 τὸ
680 2487 692 2529 1
710 2458 972 2541 συνεσταλμένον
988 2459 1069 2555 ἔχει,
1086 2455 1156 2529 οἶον

61 2573 171 2670 φωτὸς
196 2575 298 2672 φωτὶ,
318 2573 432 2673 ἆνδρὸς
456 2573 559 2673 ιἰνδρὶ,
582 2573 679 2672 χηνὸς
703 2574 787 2671 χηνὶ,
809 2573 907 2658 μηνὸς
931 2575 1014 2659 μηνὶ,
1041 2575 1156 2654 παιδός

60 2691 160 2764 ταιδῖ.
212 2691 281 2761 Καὶ
298 2691 352 2760 έτῖ
372 2695 439 2762 τῶν
455 2691 574 2774 ὁμοίων
590 2692 751 2768 ὡσαύτως.
803 2689 921 2762 Ταῦτα
940 2689 1009 2788 γὰρ
1026 2693 1079 2762 καὶ
1095 2691 1157 2762 τὸν
1168 2714 1205 2753 20

61 2805 154 2878 τόνον
169 2803 339 2904 ε’φόλαξαν
354 2813 413 2888 τῆς
439 2814 561 2898 γενικῆς
588 2807 639 2877 καὶ
664 2804 724 2877 τὸν
745 2805 877 2904 χρόνον,
899 2807 1058 2878 τουτέστι
1085 2837 1158 2878 συν·

62 2922 272 3006 εαταλμέναν.
325 2921 386 3014 Τῷ
402 2921 436 2993 δέ

177 3048 267 3103 Αἴαντι
280 3049 309 3104 δέ
321 3049 437 3118 μάλιστα
449 3045 569 3121 δαΐφρονι
582 3048 664 3118 θυμὸν
676 3045 766 3124 ὄρινα]

61 3153 160 3234 κυινῆν
175 3151 243 3248 ἔχει
261 3153 321 3234 τῆν
336 3182 367 3222 τι
387 3153 570 3241 συλλαβήν.
612 3148 818 3252 Ἀταρτέζει
837 3150 906 3250 γὰρ
923 3155 966 3231 εἰς
982 3155 1080 3252 μέρος
1096 3161 1159 3228 τοῦ

62 3267 164 3360 λόγου
187 3264 231 3339 τὸ
257 3271 349 3354 ι’ὣτα,
365 3268 417 3339 καὶ
439 3269 561 3340 τοότου
582 3265 681 3366 χόριν
696 3269 770 3341 ιἰντὶ
787 3273 913 3366 μακρᾶς
930 3269 1204 3368 παραλαμβόΛΞ

66 3413 159 3467 νεται,
176 3387 217 3461 ιἀς
232 3385 286 3455 ἐπὶ
303 3391 365 3456 τοῦ

181 3511 304 3583 Νέστορα
316 3509 339 3565 δ’
352 3511 398 3566 οὐκ
409 3487 506 3567 Ιέλιιθεν
520 3512 580 3584 ἷαχι)
593 3511 701 3567 σίνοιτό
714 3533 765 3585 τερ
777 3515 868 3584 ἔμπης,

69 3619 84 3693 ὁ
104 3645 169 3687 ειν
184 3617 340 3704 σνλλαβῆ
356 3613 532 3716 ἆταρτῖζει
555 3619 598 3695 εἷς
619 3619 716 3716 μέρος
737 3619 855 3711 λόγου,
872 3619 924 3689 καὶ
942 3619 1016 3690 ἀντὶ
1033 3624 1159 3717 μακρᾶς

68 3729 373 3827 ταραλαμβόνιται.
424 3730 677 3830 Ἀναδρόμωμεν
704 3733 739 3805 δὲ
767 3734 821 3805 ε’τὶ
847 3732 892 3805 τδι
918 3732 1024 3806 λοιτὸ
1051 3765 1159 3833 ταρα-

70 3842 225 3940 δεέγματα
240 3854 303 3920 τοῦ
318 3848 458 3926 κανόνος.
509 3859 531 3892 “
544 3847 677 3947 Ταχέος
693 3851 804 3948 ταχόϊ,
822 3850 910 3934 ῆδέος
928 3849 1022 3932 ἧδέΐ.”
1069 3851 1206 3926 Ἰδοδ3ο

71 3969 167 4036 ταῦτα
193 3967 342 4049 ὁμότανα
371 3966 433 4040 εἶσὶ
461 3967 512 4037 καὶ
541 3967 723 4063 ὁμόχροια·
750 3966 809 4037 ὅτε
834 3965 867 4036 δὲ
893 3967 1048 4059 γένωνται
1072 3967 1158 4040 κατὰ

72 4083 244 4179 σνναῖρεσιν
259 4089 308 4176 τῷ
331 4093 433 4181 ταχεῖ
452 4083 503 4152 καὶ
530 4089 577 4175 τῷ
604 4081 679 4166 ῆδεῖ,
696 4081 776 4153 τὸα
800 4083 852 4152 καὶ
876 4080 920 4152 τὸ
944 4113 966 4166 ι,
985 4085 1027 4161 εἷς
1046 4085 1106 4167 τῆν
1124 4115 1157 4155 ιιι

73 4189 255 4290 δίφθογγον
271 4198 477 4281 μετελθόντα
495 4199 586 4282 τότε,
604 4201 680 4272 οὔτε
696 4199 794 4270 τόνον
810 4207 869 4282 τῆς
886 4208 1010 4291 γενικῆς
1027 4198 1159 4297 φυλάτ-

73 4337 175 4383 τουσιν
190 4315 268 4385 οὔτε
284 4315 414 4412 χρόνον,
432 4313 539 4398 έτειδῆ
565 4316 725 4388 πέπονθεν
743 4319 760 4397 ῆ
784 4315 907 4399 δοτική.
959 4315 1076 4386 Ταῦτα
1101 4317 1159 4400 μὲν

74 4423 250 4504 ἕντοόταις.
1169 4475 1205 4530 35

586 4569 604 4606 0
623 4563 640 4608 2
