2954 5024
407 351 476 413 m
497 351 554 412 ιο
576 349 871 414 ουοιικιιιιοιι.
1126 360 1187 432 237

32 524 233 608 μείωπαι.
284 518 337 594 Τό
363 518 398 593 δὲ
422 521 547 620 βότρυς
568 521 736 620 ὁμοφυνεῐ
750 525 794 617 τῆ
808 520 913 614 εῦθείςι
928 521 994 594 τῦν
1011 522 1191 603 πληθυντι-

36 642 124 710 κῶν
146 640 207 732 πῆ
223 635 357 733 βότρυς.

110 750 210 822 ς*Ὦ
226 752 366 850 βότρυες
381 749 434 824 καί
451 748 647 850 ῦβότρυς.”
697 750 854 847 Είριςται.

430 963 559 1040 Κιςόυ
585 967 733 1040 ιι·’.-Ὀ
758 973 848 1045 noh.

110 1098 266 1174 Ἰστίον
282 1101 337 1174 ότι
358 1099 404 1174 τὰ
428 1102 471 1179 είς
497 1129 558 1174 οτι
582 1102 695 1186 ἀπαθῆ
721 1099 774 1174 διὰ
799 1105 944 1200 καθαροῦ
967 1106 1030 1174 τοῦ
1055 1131 1096 1174 οι
1117 1103 1215 1182 'cM-5

48 1249 206 1304 νοντας,
233 1215 303 1292 οἷον
327 1221 407 1308 βοῦς
431 1215 524 1306 βοῦς,
550 1223 619 1296 νοῦς
644 1214 727 1303 νοῦς,
752 1223 852 1316 χροῧς
876 1215 989 1316 χροὸς,
1014 1219 1103 1302 τλῆν
1126 1225 1190 1292 τοῦ

46 1336 155 1416 ποῦς
176 1332 293 1419 ποόῦς,
310 1335 363 1406 καί
389 1332 481 1413 όόοῦς
503 1331 649 1413 όόόντος.
700 1333 830 1407 Ἰστίον
856 1332 891 1406 όὲ
915 1333 970 1406 ότι
996 1334 1106 1432 εῦρίθη
1128 1341 1190 1408 τοῦ

50 1454 155 1540 βοῦς
178 1455 199 1535 ἡ
216 1451 336 1546 γενικὴ,
354 1451 391 1522 οῦ
406 1450 507 1535 μόνον
523 1447 618 1539 βοός,
631 1446 722 1522 ἆλλᾶ
739 1449 866 1522 καὶτοῦ
882 1451 947 1538 βοῦ
958 1446 1051 1548 παρὰ
1070 1449 1190 1549 Σοφα-

52 1575 145 1640 κλεῖ
163 1567 204 1639 ἕν
217 1563 349 1665 Ἰνόχφ,
366 1566 419 1638 καί
445 1562 538 1665 παρὰ
564 1567 612 1658 τῷ
628 1564 807 1664 Αἶα-χόλῳ.
859 1565 1068 1664 Πρόσκειται
1091 1568 1124 1638 ἐν
1139 1573 1190 1660 τῆ

52 1685 190 1758 κανόνι
208 1691 230 1728 “
243 1683 384 1766 barnee?
403 1679 457 1755 διὰ
480 1680 526 1755 τό
551 1685 594 1761 είς
617 1711 677 1756 οτι
701 1681 747 1756 τὰ
770 1681 840 1756 ἆπῦ
865 1683 1075 1780 συναιρέσεως
1095 1683 1188 1771 ὄντα,
1203 1713 1237 1753 ιο

56 1801 150 1900 περὶ
172 1798 219 1872 τόν
235 1797 353 1898 ἐφεξῆς
379 1797 608 1887 διαλαμβάνει,
626 1797 712 1897 φημί
738 1796 772 1871 δὲ
797 1795 851 1871 aa&
878 1797 922 1871 τό
947 1798 1055 1878 πλόος
1079 1797 1189 1870 πλόου

58 1921 190 1994 πλοῦς
206 1921 305 1999 πλοῦ,
321 1916 375 1988 καί
391 1915 463 1993 νόος
480 1915 555 1987 νόου
571 1919 641 1994 νοῦς
657 1919 722 1988 νοῦ.
775 1913 894 1988 Ταῦτα
910 1912 969 1998 μῦν
985 1913 1019 1986 ίν
1033 1913 1176 1992 τοῦτοις.

113 2029 251 2127 Ἀξιον
267 2029 302 2104 δὲ
317 2031 392 2105 ἐστὶ
410 2027 550 2132 ζητῆσαι
573 2029 626 2104 όιῦ
646 2031 745 2104 ποίαν
762 2031 872 2105 αι’τίον
886 2029 930 2105 τῦ
954 2032 1035 2120 βοῦς
1051 2028 1134 2120 βοῦς
1150 2030 1188 2103 οῦ

64 2147 212 2242 γίνεται
237 2149 311 2219 κατ’
326 2148 460 2220 ἔκτασιν
474 2145 635 2231 Ἀττικῆυ
651 2153 750 2220 τοῦο
773 2149 817 2225 είς
840 2145 885 2219 πό
909 2177 942 2218 α.
986 2145 1117 2219 Ἔστιν
1133 2143 1188 2218 οῦν

68 2265 196 2346 εἰπεῖν,
212 2261 278 2348 ότι,
294 2263 336 2340 ὦς
356 2259 519 2346 ἐμάθομεν
536 2263 695 2362 ἆνατίρυ,
711 2260 757 2336 τᾶ
779 2261 964 2336 ἐκτείνοντα
986 2259 1030 2334 τὸ
1048 2291 1067 2334 ο
1085 2263 1129 2340 είς
1143 2255 1187 2335 τό
1200 2293 1234 2354 ¹5

72 2407 96 2450 ο
125 2379 189 2450 ἐπὶ
216 2384 282 2451 τῶν
308 2377 550 2477 καθαρευόντων
574 2379 627 2451 καί
654 2377 697 2452 τό
724 2387 924 2480 παραλῆγον
949 2381 1073 2478 φανῆεν
1097 2379 1187 2455 είςκ

71 2491 307 2584 μεταβάλλει,
324 2491 403 2578 οίον,
421 2493 500 2593 ὄφις
520 2494 619 2592 ὄφιος
643 2495 760 2594 ὄφεος,
783 2495 883 2572 πόλις
907 2495 1027 2572 πόλιος
1051 2493 1188 2580 πόλεως,

76 2608 158 2689 ναῦς
185 2611 268 2696 ναῦς,
287 2607 368 2688 λαός
392 2613 481 2688 λαός.
533 2609 583 2683 Εί
597 2609 750 2707 ἐξέτεινεν
767 2610 822 2685 οῦν
837 2611 881 2685 τό
906 2614 986 2700 βοῦς
1008 2607 1091 2701 βοῦς
1105 2609 1187 2684 τῦο

77 2727 123 2804 είς
140 2723 188 2798 τὸ
204 2755 226 2797 α
241 2725 417 2810 Ἀττικῶς,
433 2723 640 2827 ῆναγκόζετο
656 2729 709 2800 καὶ
726 2726 771 2802 τό
787 2737 988 2826 παραλῆγον
1005 2733 1129 2825 φωνῆεν
1146 2730 1189 2806 εἷς

80 2956 224 3040 ῆόῦνοτο
250 2961 293 3036 είς
323 2989 343 3030 ιε
369 2959 584 3047 μεταβαλεῖν·
622 2957 668 3032 τὰ
694 2956 763 3059 γὰρ
790 2959 1074 3050 μεταβαλλόμενα
1103 2955 1189 3031 κατὰ

81 3075 144 3157 τῆν
159 3078 423 3172 παραλήγουσαν
439 3077 483 3152 είς
505 3071 549 3146 τό
570 3103 590 3146 ιι
612 3073 749 3174 δίχρονα
774 3077 988 3175 εὑρίσκονται,
1006 3072 1075 3148 οίον
1092 3075 1190 3174 ὄφιος

85 3189 205 3286 ὄφεως,
221 3190 340 3268 πόλιος
365 3189 501 3273 πόλεως,
528 3189 601 3269 ναῦς
625 3195 707 3277 ναῦς,
733 3191 814 3272 λαός
836 3195 925 3271 λοῦς’
951 3199 1056 3266 τοῦτο
1079 3191 1114 3265 όὲ
1134 3193 1190 3264 οῦκ

83 3305 159 3380 ἔστι
179 3305 340 3406 δίχρονον.
380 3305 485 3379 Ἀλλ’
503 3307 607 3406 οῦν(ί)
624 3307 777 3393 όηλονότι
794 3318 853 3394 τῆς
870 3310 1129 3403 παραληγοῦσις
1144 3309 1193 3393 μθ

87 3418 241 3507 δυνάμενα
253 3423 296 3517 (ί)
313 3425 562 3513 μεταβληθῆναι
587 3427 631 3504 είς
647 3422 690 3498 τό
714 3453 747 3512 ι,
764 3425 894 3504 είκότιυς
910 3424 983 3497 οῦόὲ
1000 3429 1018 3508 ῆ
1035 3428 1190 3518 λῆγαυσα

86 3533 242 3631 ε’ξετόνθη
258 3538 430 3636 είςοτ(α).
1201 3562 1238 3620 ²5

131 3651 246 3726 Πόλιν
258 3651 351 3750 ἄξιον
361 3655 434 3727 εὀτί
444 3651 584 3755 ζητῆσαι
596 3653 649 3727 όιῖι
660 3656 759 3727 τοίαν
769 3655 877 3727 αίτίαν
886 3651 929 3727 τῦ
940 3655 1020 3743 βοῦς
1030 3653 1113 3742 βοός
1123 3653 1190 3752 (οῦ)

89 3775 235 3868 κιρνᾶται
244 3769 332 3844 κατὰ
341 3771 401 3854 τῆν
411 3773 548 3864 γενικήν.
565 3769 695 3845 Ἔστιν
705 3771 759 3844 οῦν
770 3771 899 3869 (εἰπεῖν)
912 3771 966 3845 ότι
979 3771 1192 3872 (εί)ε’κίρνατυ

90 3884 130 3956 τό
155 3887 235 3976 βοῦς
257 3886 340 3975 βοός
360 3884 446 3959 κατὰ
473 3885 534 3970 τῆν
557 3888 694 3980 γενικῆς,
712 3890 755 3966 εἰς
779 3917 839 3960 οτι
860 3889 999 3972 ἔμελλεν
1015 3886 1105 3972 εἶναι,
1122 3885 1192 3960 οίαν

91 4003 194 4080 πλόος
222 4007 337 4088 πλοῦς,
362 4001 434 4078 νόος
459 4007 540 4088 νοῦς,
561 4003 639 4099 ῥόος
659 4007 742 4101 ῥοῦς·
769 4001 815 4076 τὰ
837 4002 907 4103 γὰρ
931 4001 986 4078 όῦο
1007 4035 1049 4076 oo
1067 4006 1110 4082 είς
1131 4003 1193 4087 τῆν

94 4143 123 4187 οι
135 4119 205 4214 (ος)
220 4116 414 4216 δίφθογγον
424 4123 606 4216 κιρνῦνται·
624 4119 676 4192 καί
689 4118 821 4206 λοιπόν,
834 4117 1038 4218 πρῶτονμὲν
1051 4124 1192 4204 ἤμελλεν
1201 4149 1241 4208 30

94 4235 379 4332 συνεμπίπτειντῆ
405 4235 510 4328 εῦθείςι
532 4239 555 4319 ’ῆ
576 4241 696 4330 γενικῆ·
722 4235 871 4333 όεῦτερον
896 4232 941 4320 δὲ,
966 4237 1007 4312 ὡς
1029 4232 1192 4319 ἐμάθομεν

94 4345 246 4450 ἇνστόρα,
264 4355 360 4424 πᾶσα
382 4351 491 4446 γενικῆ
507 4351 657 4450 ἆρσενικῆ
682 4355 726 4429 εἷς
750 4381 808 4423 οτι
829 4354 982 4445 λῆγουαα
1000 4349 1087 4422 θέλει
1105 4350 1193 4446 ἔχειν

96 4466 149 4550 τῆν
176 4469 359 4554 αι’τιατικῆν
383 4471 427 4548 είς
453 4497 475 4540 ιι
500 4472 769 4564 καταλῆγονσαν,
790 4461 859 4538 οίον
880 4469 942 4538 τοῦ
962 4464 1193 4548 Δημοσθένους
