2966 5014
20 307 62 373 ε’.
408 309 476 372 ΕΙΣ
500 310 556 372 ἹῸ
578 309 871 374 ΟΝΟΜΑΤῙΚΟΝ.
1130 310 1188 374 161

71 481 214 578 χαλκᾶ,
230 478 283 550 καί
305 481 431 577 χρύσεα
455 482 578 576 χρυσᾶ,
593 479 647 552 καί
670 479 775 552 ὀστέα
797 482 899 566 ὀστᾶ,
914 479 967 552 καί
989 479 1085 552 κανέα
1100 483 1191 567 κανᾶ,

73 596 268 692 συμφάνου
299 596 546 691 προηγουμένου
578 599 628 687 τῷ
659 625 680 666 ιι
716 596 759 672 είς
793 624 814 667 ι
846 595 979 688 ἐγένετο
1009 598 1027 677 ή
1056 598 1191 694 κρᾶσις;

62 706 211 783 Ἔστιν
228 711 282 784 οῦν
294 713 406 797 εἰπεῖν,
419 711 472 782 ὀτι
490 712 546 783 οόκ
562 711 695 804 ἐγένετο
711 709 755 783 τό
772 713 884 808 χαλκᾶ
900 707 970 782 ᾶτό
985 716 1048 783 τοῦ
1063 707 1191 808 χάλκεα

68 823 172 898 κατὰ
188 828 317 923 κρᾶσιν,
338 828 415 898 οῦτε
433 823 476 898 τό
493 830 604 924 χουσᾶ
621 826 689 898 ᾶτό
706 833 768 899 τοῦ
792 827 929 925 χρύσεα,
946 828 1023 900 οὔτε
1038 825 1083 900 τὰ
1100 829 1191 900 ὀστᾶ

70 939 153 1014 ιἰτό
172 943 287 1026 ὀστέα,
304 944 382 1014 οῦτε
396 939 442 1014 τᾶ
458 945 539 1015 κανᾶ
562 940 631 1014 ᾶτό
654 950 716 1016 τοῦ
736 941 841 1027 κάνεα,
859 940 950 1015 ὀλλό
975 942 1118 1036 λέγομεν
1135 943 1218 1032 ὀτι5

71 1061 114 1129 αι’
131 1059 253 1130 εῦθεῖαι
269 1058 395 1131 τοιίτιυν
411 1060 449 1130 αἶ
471 1058 568 1130 ένικαί
595 1057 692 1155 ὀιχᾶς
716 1059 887 1152 λέγονται,
904 1060 957 1130 καί
978 1060 1112 1138 ι’ντελῶς
1136 1060 1189 1132 καί

71 1171 173 1247 κατὰ
197 1177 325 1273 κρᾶσιν.
377 1174 447 1246 Καί
468 1175 504 1246 αί
526 1173 585 1258 μέν
601 1176 656 1246 οῦν
676 1175 813 1252 ἐντελεῖς
835 1175 951 1248 εόθεΐαι
973 1175 1189 1258 τληθυντικαί

71 1287 153 1361 ὀιτό
183 1297 242 1373 τῆς
267 1291 416 1367 ἐντελοῦς
442 1290 541 1373 έυικῆς
566 1290 686 1367 εῦθείας
711 1291 897 1374 έκλίθησαν,
925 1321 995 1362 οου
1025 1287 1093 1361 ᾶτό
1126 1295 1188 1362 τοῦ

998 1403 1098 1432 λὶλ
1173 1413 1189 1430 ιι

71 1402 229 1502 χάλκεον
244 1401 382 1502 χάλκεα,
399 1405 452 1476 καί
470 1403 538 1478 ᾶτό
561 1411 623 1478 τοῦ
644 1405 785 1502 χοόσεον
801 1407 937 1504 χρόσεα,
954 1437 1008 1478 και
1033 1437 1102 1478 ατο
1127 1437 1189 1478 του

73 1521 207 1593 ὀστέον
239 1521 355 1607 ὀστέα,
391 1521 443 1592 καί
478 1520 546 1592 ὀπό
579 1527 642 1593 τοῦ
669 1517 780 1593 κάνεον
815 1519 921 1594 κάνεα·
965 1525 1001 1594 αι’
1033 1521 1068 1594 ὀὲ
1100 1520 1188 1595 κατὰ
1203 1553 1237 1593 ιο

72 1641 203 1736 κρᾶσιν
236 1639 352 1709 εόθεῖαι
381 1637 595 1720 τληθυντικαί
624 1635 693 1708 ιἰτό
719 1646 777 1721 τῆς
806 1635 892 1710 κατὰ
920 1641 1037 1736 κρᾶσιν
1070 1639 1189 1716 εὐθείας

71 1759 146 1826 τᾶν
164 1753 270 1824 ένικᾶν
287 1751 381 1838 είσίν,
396 1751 466 1824 οίον
482 1749 551 1824 ἆτό
571 1759 633 1825 τοῦ
656 1759 801 1852 χαλκοῦν
817 1757 940 1850 χαλκᾶ,
956 1753 1009 1824 καί
1035 1751 1103 1824 ὀτό
1126 1760 1189 1825 τοῦ

71 1875 228 1968 χρυσοῦν
255 1871 378 1966 χουσᾶ,
404 1868 457 1938 καί
484 1866 553 1940 ᾶτό
580 1875 643 1940 τοῦ
666 1871 788 1940 ὀστοῦν
814 1871 915 1954 ὀστᾶ,
942 1869 995 1940 καί
1023 1867 1091 1941 ὀτό
1124 1875 1188 1942 τοῦ

72 1992 195 2058 κανοῦν
217 1988 308 2070 κανᾶ,
331 1985 508 2058 τουτέστιν
534 1986 566 2056 ἐν
590 1987 633 2080 τῇ
662 1985 764 2076 εῦθείᾳ
789 1991 855 2057 τᾶν
880 1987 985 2058 ἑνικῶν
1009 1985 1142 2080 ἐγένετο
1167 1989 1187 2070 ἧ

73 2105 207 2198 κρᾶσις,
229 2100 282 2172 καί
307 2101 424 2174 έκεῖθεν
448 2104 467 2183 ἦ
492 2101 599 2178 κλίσις
624 2101 656 2172 έν
680 2110 752 2178 τοῖς
776 2105 1015 2184 πληθυντικοῖς.
1067 2101 1185 2175 Ταῦτα
1200 2129 1233 2191 15

75 2215 141 2300 μὲν
158 2217 191 2286 έν
207 2216 348 2294 τούτοις.

127 2331 262 2404 Ἰστέον
278 2329 314 2403 ὀὲ
334 2331 389 2404 ὅτι
409 2333 442 2402 οί
459 2329 629 2417 Ἀθηναῖοι
654 2333 707 2404 ε’τί
731 2337 796 2405 τῶν
811 2333 922 2430 κυρίων
938 2337 1005 2404 τᾶν
1022 2334 1065 2410 είς
1082 2361 1126 2404 nx
1143 2336 1187 2411 είς

74 2477 136 2519 οτι
163 2446 306 2545 ε’χόντυν
329 2447 390 2530 τήν
413 2447 539 2540 γενικήν
566 2450 609 2526 είς
632 2477 654 2520 ιι
679 2455 813 2521 ποιοῦσι
839 2450 899 2533 τήν
922 2450 1105 2532 αἰτιατικὴν
1131 2449 1184 2521 καί

75 2565 121 2642 είς
139 2593 165 2635 n
181 2564 241 2646 τήν
257 2562 421 2647 κλητικήν,
439 2561 543 2634 οἳονό
568 2563 778 2648 Δημοσθένης
802 2571 864 2637 τοῦ
884 2565 1113 2650 Δημοσθένους
1134 2571 1183 2658 τῷ

77 2677 284 2762 Δημοσθένει
310 2675 370 2751 τόν
389 2677 601 2764 Δημοσθένην
621 2679 648 2754 ὀ
664 2681 869 2766 Δημοσθένη·
896 2680 1098 2765 ὀΔιομήόης
1122 2687 1233 2755 τοῦτο

77 2791 264 2877 Διομήδους
287 2799 337 2886 τῷ
362 2792 518 2878 Διομήδει
542 2794 604 2868 τόν
624 2794 790 2878 Διομήόην
813 2795 841 2867 ιθ
862 2795 1021 2879 Διομήδη·
1047 2797 1066 2866 ὀ
1088 2795 1183 2894 Ἀρι-

77 2905 254 3006 στοφάυης
277 2915 340 2983 τοῦ
361 2908 634 3008 Ἀριστοφάνους
661 2917 711 3002 τῷ
736 2907 980 3008 Ἀριστοφάνει
1005 2908 1066 2983 τόυ
1088 2909 1185 3011 Ἀρι·

77 3023 255 3122 στοφόνην
273 3025 301 3098 ιό
321 3024 569 3126 Ἀριστοφάνη·
595 3027 650 3098 ε’τί
676 3025 710 3099 δέ
734 3032 800 3098 τᾶν
822 3028 979 3100 ἐπιθέτων
999 3028 1075 3100 οὔτε
1097 3031 1140 3108 είς
1160 3061 1183 3102 ιι

76 3146 213 3214 ποιοῦσι
237 3142 297 3225 τήν
322 3143 505 3226 αίτιατικήυ
529 3144 606 3216 οὔτε
631 3146 674 3220 είς
703 3171 727 3214 ιι
749 3144 810 3227 τήν
833 3144 996 3228 κλητικήυ,
1019 3142 1091 3216 οόὀέ
1113 3143 1183 3244 γάρ

75 3258 235 3352 λέγουσιν
251 3255 312 3331 τόν
327 3262 468 3342 κακοήθη
493 3259 545 3330 καί
569 3257 630 3332 τόν
647 3263 765 3342 συνήθη
781 3259 834 3330 καί
855 3261 882 3332 ὦ
902 3259 1054 3343 κακόηθες
1078 3260 1130 3332 καί
1157 3262 1184 3332 ὦ
1194 3287 1228 3344 ²5

79 3375 232 3458 σῦνηθες;
257 3373 359 3456 Καίή
376 3375 466 3446 αι’τία
483 3374 576 3446 ἐστίν
588 3373 680 3458 αὐτη·
707 3381 874 3452 ποιοῦντες
891 3373 959 3472 γάρ
976 3377 1010 3445 οί
1023 3373 1181 3447 Ἀττικοί

78 3491 140 3573 τήν
165 3490 347 3572 αι’τιατικήν
370 3491 413 3566 είς
438 3519 471 3572 ιι,
496 3490 548 3560 καί
574 3490 634 3574 τήν
655 3492 807 3574 κλητικήν
824 3494 866 3568 είς
890 3519 912 3560 ιι
933 3496 1095 3576 ποιοῦσιν,
1112 3491 1182 3562 οίον

78 3602 140 3678 τόν
169 3604 381 3689 Δημοσθένην
410 3605 438 3676 ιό
466 3605 662 3690 Δημοσθένη
695 3605 756 3679 τόυ
785 3604 933 3689 Διομήόη
966 3603 993 3678 ὀ
1021 3604 1179 3692 Διομήόη.

80 3717 129 3792 EI
154 3715 311 3804 ε’τοίησαυ
338 3719 391 3792 οῦν
420 3721 475 3791 έτί
503 3726 568 3792 τᾶν
595 3721 751 3794 ἐπιθέτων
777 3722 838 3804 τήν
866 3721 1050 3804 αι’τιατικήυ
1074 3723 1117 3798 είς
1148 3752 1179 3805 ιι,

79 3834 306 3936 ήναγκάζοντο
329 3837 381 3908 καί
405 3837 465 3918 τήν
480 3837 633 3920 κλητικήν
651 3841 693 3913 είς
711 3867 732 3907 u
750 3844 897 3920 ποιήσαι.
950 3835 1019 3920 Τῆς
1045 3835 1078 3910 ὀέ
1103 3847 1181 3924 κλη-
1189 3867 1229 3924 30

79 3959 168 4035 τικής
185 3954 228 4028 είς
245 3981 269 4023 ιι
285 3952 452 4045 ληγούσης
468 3953 522 4023 ε’τί
543 3957 608 4023 τῶν
624 3951 792 4036 ἐπιθέτων,
810 3950 1037 4052 ήναγκάζουτο
1061 3955 1113 4025 καί
1134 3953 1179 4026 τὰ

80 4067 233 4167 οᾶόέτερα
261 4070 305 4145 είς
333 4097 358 4139 ιι
388 4072 600 4160 καταλήγειν,
629 4067 712 4166 ὅπερ
742 4065 882 4140 άτοτον.
924 4067 1082 4166 Ἔχυμεν
1111 4066 1180 4166 γάρ

81 4183 238 4282 ᾶνιυτέριο,
255 4183 310 4256 ὀτι
329 4187 431 4256 ’Ὓιᾶν
448 4182 616 4280 οόὀέτερον
641 4185 756 4268 ὄνομα,
777 4184 932 4280 ᾶρσενικῷ
956 4213 1181 4281 ταρασχημα·

80 4300 243 4382 τισμένον,
259 4299 311 4370 καί
337 4296 658 4397 τεριττοσυλλάβως
681 4298 877 4383 κλινόμενον,
894 4305 936 4392 τῇ
961 4303 1095 4394 κλητική
1119 4305 1181 4370 τοῦ

81 4414 248 4512 ιἰρσενικοῦ
272 4415 447 4512 ὀμοφυινεῖ,
466 4414 534 4487 οίον
551 4415 570 4485 ὀ
587 4413 693 4512 ἅρσην
709 4421 772 4487 τοῦ
792 4415 929 4513 ᾶρσενος
951 4421 1000 4506 τῷ
1018 4413 1129 4513 ἄρσενι
1152 4415 1180 4487 ὀ
1189 4425 1225 4489 35

616 4549 638 4590 ν
