2958 5018
412 312 478 370 υιτ
500 311 555 370 το
578 311 869 370 ουοιικτικου.
1126 319 1186 386 277

136 476 356 577 Κανονίζεται
381 481 433 550 ἐπὶ
460 481 586 551 τούτων
607 484 624 561 ἡ
647 481 782 562 κλητικῆ
804 481 912 569 τούτῳ
937 485 986 570 τῷ
1011 479 1117 570 λόγῳ·
1143 476 1187 548 τά

77 597 127 670 είς
159 593 374 682 ἀμετάβολον
399 601 550 688 λήγοντα
580 597 762 694 βαρύτονα,
785 594 839 666 ε’ἆν
863 595 922 680 μέν
944 593 1118 692 φυλάξωσι
1144 591 1187 666 τὸ

77 717 211 806 φωνῆεν
227 719 285 793 τῆς
302 712 421 789 εύθείας
436 713 469 782 ἕν
485 719 528 805 τῇ
545 719 665 806 γενικῆ,
682 709 914 810 φυλάττουσιν
930 710 1011 784 αὐτὸ
1028 711 1080 780 καί
1098 711 1130 781 έν
1146 717 1189 804 τῇ

75 831 234 918 κλητικῆ,
252 823 320 897 οἷον
338 824 488 899 Πλάτων
505 825 690 904 Πλάτωνος
716 828 743 898 οἳ
767 823 928 912 Πλάτων,
951 827 1040 896 θέων
1064 825 1188 902 Θέωνος

76 943 110 1010 (3
127 940 228 1021 θέων,
247 940 391 1038 Τρύφων
410 941 590 1038 Τρύφωνος
614 942 641 1012 οἳ
663 941 820 1040 Τρύφων,
832 941 966 1024 Ἕλλην
977 941 1147 1024 Ἕλληνος
1163 941 1190 1010 ιθ
1197 961 1214 1022 5

67 1055 225 1138 Ἕλλην·
264 1053 318 1126 ε’άν
349 1055 383 1127 δέ
414 1055 573 1154 τρέφωσι
607 1057 651 1128 τὸ
682 1063 806 1155 φωνῆεν
839 1067 897 1140 τῆς
930 1059 1049 1135 εὕθείας
1083 1059 1115 1128 ἐν
1144 1063 1188 1151 τῆ

77 1179 206 1265 γενικῆ,
232 1173 410 1268 τρέπουσιν
440 1171 521 1243 αὐτὸ
554 1174 607 1243 καί
641 1176 673 1244 έν
701 1181 744 1268 τῇ
779 1181 923 1268 κλητικῆ,
955 1171 1024 1244 οἷον
1048 1171 1186 1270 Ἕκτωρ

66 1287 250 1386 Ἕκτορος
275 1287 462 1386 ὥἝκτορ,
487 1289 628 1372 Μέμνων
652 1290 824 1374 Μέμνονος
846 1293 871 1362 οἳ
897 1291 1043 1374 Μέμνον,
1070 1291 1188 1384 γείτων

78 1404 235 1497 γείτονος
259 1406 284 1474 (3
309 1414 432 1497 γεῖτον,
451 1401 555 1500 ἅρσην
571 1402 707 1502 ἄρσενος
732 1407 758 1476 οῗ
780 1405 889 1505 ι’ίρσεν,
906 1407 1003 1504 τέρην
1019 1405 1190 1504 τέρενοςιῆ

77 1521 189 1616 τέρεν.
241 1521 286 1590 ‘0
305 1519 338 1591 δέ
355 1519 502 1617 τεχνικὸς
519 1521 574 1590 ούκ
595 1518 682 1591 εἶπεν
699 1519 808 1605 οὕτως,
827 1521 918 1593 ἀλλὰ
941 1523 1045 1615 λέγει,
1063 1523 1117 1593 ὅτι
1142 1519 1187 1593 τὰ
1203 1551 1237 1590 ιο

80 1639 128 1712 εἰς
175 1634 390 1724 ἀμετάβολον
431 1639 583 1727 λήγοντα
624 1638 805 1733 βαρύτονά,
839 1636 1087 1726 ἀποβάλλοντα
1130 1646 1189 1722 τῆς

80 1761 211 1844 γενικῆς
227 1754 286 1836 τῆν
303 1749 449 1849 ἐσχάτην
466 1750 508 1823 τὸ
533 1781 572 1822 οε
595 1763 684 1823 ποιεῖ
707 1753 766 1835 τῆν
782 1754 944 1837 κλητικῆν,
964 1751 1148 1830 Πλάτωνος
1165 1757 1190 1824 ὦ

83 1865 248 1950 Πλάτων,
259 1869 430 1952 Ἕλληνος
455 1871 481 1940 ὦ
498 1867 644 1955 Ἕλλην,
662 1869 759 1967 πέρην
779 1869 907 1966 τέρενας
931 1873 958 1940 ιθ
981 1869 1083 1967 τέρεν,
1102 1869 1190 1966 Τρύ-

83 1990 195 2082 φωνος
212 1985 239 2054 ὥ
255 1983 409 2081 Τρύφων,
428 1981 613 2079 Μαχάονος
638 1987 665 2057 οἳ
690 1985 850 2080 Μαχᾶον,
869 1983 1003 2082 ἄρσενος
1027 1987 1054 2055 ιθ
1078 1983 1189 2082 άρσεν,

81 2103 183 2198 τέρην
199 2101 327 2196 τέρενος
343 2102 369 2173 ὦ
389 2101 493 2197 τέρεν,
503 2100 674 2199 Ἕκτορος
695 2102 721 2172 ὦ
735 2101 880 2197 Ἕκτορ,
896 2099 1148 2194 Ἀγαμέμνονος
1165 2102 1212 2174 ιθι
1220 2132 1236 2193 5

82 2215 311 2310 Ἀγάμεμνον.
363 2217 432 2288 Καὶ
450 2215 504 2287 ε’ὰν
521 2219 667 2314 εύρεθῆῆ
690 2218 797 2310 γενικῆ
823 2218 948 2314 ἔχουσα
971 2216 1039 2315 πρὸ
1065 2223 1127 2290 τοῦ
1150 2247 1190 2288 οε

82 2333 128 2406 τά
163 2363 193 2417 τ,
218 2334 270 2404 καί
298 2331 342 2404 τά
375 2364 395 2404 τ
425 2332 661 2422 άποβάλλεται
688 2335 719 2404 έν
744 2337 789 2428 τῇ
814 2341 958 2428 κλητικῆ,
993 2331 1062 2405 οίον
1095 2331 1191 2432 θερά-

83 2481 210 2525 ποντος
239 2450 265 2519 κύ
293 2445 449 2546 θεράπον,
478 2450 613 2525 λέοντος
640 2449 666 2520 ιθ
694 2449 782 2534 λέον,
805 2446 981 2546 δράκοντος
1008 2450 1034 2522 οἳ
1061 2447 1188 2546 δράκον,

84 2569 246 2665 γέροντος
271 2566 297 2636 ὦ
320 2566 430 2662 γέρον.
483 2566 706 2650 Σεσημείωται
728 2564 771 2637 τὸ
789 2565 975 2638 Ἀπολλον
992 2566 1044 2636 καί
1064 2565 1190 2637 Ποσεί-

85 2680 175 2763 δαον,
194 2683 233 2758 ὡς
250 2679 341 2776 παρὰ
358 2687 406 2770 τῷ
422 2688 554 2775 ποιητῇ,
578 2689 632 2772 [Il·
651 2679 696 2776 ξ’·
715 2687 804 2774 357·]
1201 2715 1238 2753 ιο

247 2857 375 2927 πρόφρων
390 2859 434 2910 νῦν
448 2859 572 2911 Δαναοῖσι
586 2855 733 2912 Ποσείδαον
747 2848 884 2926 ἐπάμυνον.

86 3028 205 3098 Ταῦτα
224 3026 291 3124 γὰρ
309 3026 505 3125 φυλάξαντα
522 3029 565 3101 τὸ
583 3059 604 3101 α
622 3032 654 3100 ε’ν
669 3035 711 3123 τῇ
737 3034 858 3122 γενικῆ,
874 3027 1095 3104 ’Λπόλλωνος
1119 3025 1188 3124 γὰρ

85 3143 137 3213 καί
169 3140 406 3226 Ποσειδάωνος,
435 3145 489 3214 ούκ
519 3142 688 3242 ἐφύλαξαν
718 3145 771 3214 καί
802 3145 834 3214 ε’ν
863 3149 907 3236 τῆ
935 3149 1070 3237 κληπικῇ
1097 3139 1189 3225 αὐτὸ,

87 3255 176 3328 ἀλλὰ
194 3257 406 3330 συνέστειλαν
422 3258 503 3331 αι’κτὸ
520 3263 563 3337 είς
579 3259 622 3332 τὸ
641 3292 672 3332 ο.
724 3259 793 3330 Καί
811 3261 886 3357 περί
903 3258 961 3342 μὲν
978 3266 1039 3330 τοῦ
1049 3257 1188 3328 Ἀπολ-

86 3385 148 3446 λον
173 3376 265 3445 ἔστιν
291 3377 400 3459 είπεῖν,
421 3376 474 3447 ὅτι
501 3375 664 3452 Αἷολικῶς
694 3376 898 3446 συνέστειλεν
923 3372 966 3444 τί)
993 3404 1014 3443 α
1036 3376 1079 3449 είς
1099 3371 1142 3443 τὸ
1169 3405 1235 3470 ⁰25

87 3491 171 3563 κατὰ
188 3492 248 3574 τῆν
264 3497 426 3575 κλητικῆν·
453 3494 528 3590 περὶ
552 3492 586 3564 δὲ
612 3499 673 3564 τοῦ
692 3491 880 3564 Ποσείδαον
896 3492 989 3562 ἔστιν
1006 3492 1115 3570 είπειν,
1133 3488 1188 3559 ὅτι

90 3605 323 3700 ψευθαιολικόν
339 3610 440 3692 ἐστιν,
454 3608 505 3678 καί
524 3611 560 3680 ού
576 3609 685 3705 κυρίως
697 3606 868 3690 Αἰολικὸν,
883 3603 990 3688 ἐπειδὴ
1006 3607 1061 3675 οὐκ
1078 3604 1190 3676 ἴσασιν

90 3728 121 3795 οἱ
136 3723 271 3800 Αἰολεῖς
287 3725 340 3793 ε’πί
357 3725 476 3807 ταύτης
492 3732 550 3807 τῆς
566 3723 682 3818 λέξεως
699 3727 742 3800 εἷς
760 3754 803 3794 ου
821 3723 880 3806 τῆν
898 3723 1030 3806 εὐθεῖαν,
1049 3722 1126 3792 ἀλλ’
1148 3724 1190 3798 είς

92 3864 144 3912 κα·
184 3839 350 3910 Ποτειδᾶν
381 3840 448 3937 γάρ
477 3842 626 3934 λέγουσι.
679 3839 748 3922 Τῆς
779 3837 831 3910 οὖν
858 3839 977 3912 εὐθείας
1004 3840 1047 3914 είς
1074 3867 1119 3908 ου
1146 3839 1190 3921 μῆ

91 3961 183 4041 οὔσης
209 3959 287 4053 παρ’
305 3959 423 4039 αὐτοῖς,
441 3963 508 4034 πῶς
534 3955 662 4027 δύναται
691 3959 709 4038 ῆ
732 3957 867 4037 κλητικῆ
890 3957 933 4031 είς
951 3983 994 4026 ου
1016 3952 1068 4025 θεὰ
1091 3960 1153 4025 τοῦ
1171 3985 1189 4024 ο
1200 3987 1239 4043 30

92 4076 237 4167 γίνεσθαι
266 4073 450 4156 Αίολικῶς;
492 4072 622 4144 Τούτου
654 4070 708 4142 οὖν
739 4069 836 4168 χάριν
859 4071 994 4167 εἴρηται,
1025 4070 1079 4140 ὅτι
1108 4067 1192 4161 ψευ·

93 4191 253 4263 θαιολικόν
286 4192 371 4274 έστι,
398 4193 451 4262 καί
486 4193 523 4262 οὗ
556 4192 664 4287 κυρίως
694 4189 866 4261 Αίολικάν.
919 4186 1039 4258 Ταῦτα
1072 4183 1130 4268 μέν
1158 4185 1191 4254 έν

92 4308 228 4384 τούτοις.
