2954 5020
376 271 443 330 ΕΙΣ
465 271 521 332 ΤΟ
543 269 835 332 ONOMATIKON.
1115 286 1154 351 91

60 441 193 522 τοίνυν,
210 437 253 510 τὰ
273 437 343 534 γὰρ
363 436 433 516 Ἰὰς
454 437 506 510 καί
531 435 627 536 τριὰς
652 437 912 522 συνεσταλμένον
931 435 1106 535 ίχουσιτὰ
1123 468 1156 524 A,

61 556 201 647 λέγομεν
217 555 273 626 ότι
292 553 360 625 ι’θοὰ
375 551 418 625 τὰ
434 553 528 651 κρέας
542 553 595 625 καί
613 556 656 631 είς
672 582 712 626 Ax
729 553 803 624 ε’στι
819 551 963 650 καθαρὰν
974 552 1027 624 καί
1045 551 1158 624 δισυλ-

62 673 166 758 λαβαν
178 668 234 740 καί
246 669 440 767 βαρέκονον,
453 669 505 739 καί
522 665 842 765 τεριττοσυλλόβιος
853 669 1007 752 κλίνεται,
1020 667 1158 765 κρέατος

62 785 135 882 γὰρ,
150 786 208 856 καί
226 784 311 868 ὅμως
328 785 365 855 οὔ
380 783 523 856 κλίνεται
540 781 593 855 διὰ
609 789 672 856 τοῦ
688 813 740 867 υτ,
757 783 837 854 ἀλλ’
849 785 905 855 οὰκ
920 785 1013 856 έστιν
1029 784 1158 882 ὰρσενι·

60 900 112 973 κὰν
132 903 216 974 ἁλλ’
233 900 413 998 οὐθέτερον,
429 901 481 972 καί
505 898 658 984 δηλονότι
683 901 738 971 οιίκ
762 899 939 972 ἀντίκειται
963 906 1014 993 τῷ
1036 900 1183 980 κανόνι·5

61 1019 78 1086 ὰ
97 1016 165 1116 γὰρ
186 1018 290 1088 κανιὰν
312 1016 388 1114 τερί
409 1021 475 1086 τῶν
491 1018 535 1092 είς
552 1043 593 1086 Ax
609 1015 791 1111 ἇρσενικῶν,
808 1018 848 1093 ὡς
864 1017 1000 1114 ε’ίρηται,
1017 1016 1158 1101 διαλαμ-

60 1131 160 1218 βόνει,
176 1132 232 1203 καί
258 1132 335 1228 περί
359 1135 425 1202 τῶν
449 1128 592 1226 έχόντιον
613 1126 656 1201 τὰ
679 1161 701 1201 A
723 1131 945 1215 ἐκτεταμένον,
967 1131 1009 1204 τὰ
1033 1131 1067 1204 δέ
1087 1129 1157 1208 Ἰὰς

60 1249 108 1319 καὶ
130 1247 229 1344 τριὰς
251 1247 303 1318 καί
327 1244 371 1318 τὰ
395 1246 498 1344 κρέας,
516 1247 592 1316 οὔτε
613 1244 765 1341 ἀρσενικὰ
787 1248 929 1344 ἔχουσιν,
947 1247 1023 1318 οὔτε
1041 1247 1156 1344 έχουσι

60 1362 100 1434 τὰ
115 1393 136 1434 A
153 1363 379 1446 έκτεταμένον,
396 1359 487 1432 ἀλλὰ
508 1361 779 1445 συνεσταλμένον.
830 1363 894 1432 Δεῖ
914 1363 1081 1456 γινώσκειν
1100 1361 1155 1434 ὅτι

60 1483 108 1550 νῦν
122 1482 350 1575 μοναστῆριον
365 1477 457 1548 έστίν
474 1473 565 1572 παρὰ
582 1485 653 1553 τοῖς
666 1475 935 1574 Ἀλεξανδρεῦσι,
948 1478 1001 1549 καί
1017 1479 1155 1572 λέγεται
1169 1507 1205 1546 10

59 1601 115 1664 τοῦ
132 1595 232 1666 Ποία
249 1595 290 1670 ὡς
306 1590 374 1663 ὰτὰ
390 1597 452 1663 τοῦ
469 1591 588 1669 Ποίας·
609 1593 662 1662 καί
680 1591 748 1663 ι’θοὰ
764 1599 866 1664 τοῦτο
883 1591 994 1666 τόντα
1010 1594 1078 1691 ἔχει
1094 1599 1157 1665 τοῦ

60 1709 187 1787 κανόνος
212 1708 268 1778 καί
293 1708 330 1777 οὔ
354 1706 497 1778 κλίνεται
524 1703 576 1776 θιὰ
601 1713 663 1778 τοῦ
688 1736 740 1787 υτ,
763 1706 842 1777 ἀλλ’
859 1707 915 1778 οὰκ
939 1709 1032 1779 έστιν
1056 1707 1089 1778 ἒν
1111 1713 1156 1801 τῇ

62 1830 173 1920 χρήσει
191 1829 261 1898 τῶν
275 1822 457 1905 Ἑλλήνων.
508 1821 626 1894 Ταῦτα
642 1821 701 1907 μέν
717 1825 749 1894 έν
765 1823 906 1901 τούτοις.

106 1940 192 2012 Εἰσὶ
210 1938 247 2011 δὲ
262 1937 519 2035 παραδείγματα
536 1945 598 2011 τοῦ
613 1939 742 2016 κανόνος
757 1945 875 2012 ταῦτα·
894 1939 984 2018 Θόας
997 1939 1155 2022 θέοντος,

64 2057 167 2152 Δρίος
194 2055 376 2151 Δριίαντος,
395 2052 480 2132 Ύας
502 2053 656 2132 Ὕαντας·
687 2053 847 2144 (Ὕαντες
872 2053 906 2126 δὲ
934 2055 1094 2149 λέγονται
1125 2057 1158 2126 οί
1170 2079 1204 2141 15

63 2179 284 2249 κατοικοῦντες
299 2173 360 2255 τὴν
376 2171 565 2266 Βοιωτίαν.)
602 2171 826 2255 Σεσημείαται
843 2169 886 2243 τὰ
906 2168 1012 2248 Λόας.
1043 2170 1158 2241 Τοῦτο

64 2287 126 2385 γὰρ
142 2289 204 2360 ὅτε
225 2288 286 2371 μέν
307 2288 382 2358 ἐστι
402 2287 519 2385 κόριον,
538 2287 713 2359 ἀντίκειται
736 2291 785 2378 τῷ
808 2285 927 2356 κανόνι·
954 2289 997 2364 είς
1022 2315 1063 2357 Ax
1088 2282 1157 2383 γόρ

63 2404 148 2476 έστιν
174 2406 282 2487 ὄνομα
309 2402 514 2490 θισυλλαβον
538 2400 680 2499 καθαρὰν
705 2403 900 2500 βαρέτονον,
926 2399 1050 2500 μακρὰν
1079 2403 1158 2498 ἔχον

65 2517 103 2590 τὰ
118 2549 149 2602 A,
165 2521 222 2592 καί
244 2520 329 2602 ὅμως
354 2520 391 2589 οὗ
413 2518 557 2590 κλίνεται
581 2515 632 2588 διὰ
657 2523 720 2589 τοῦ
745 2547 798 2604 υτ,
814 2519 890 2590 ἁλλ’
911 2515 1155 2606 ι’σοσυλλόβιος·

64 2636 129 2705 κατ’
152 2633 332 2722 ὰποβολίιν
355 2631 423 2731 γὰρ
442 2639 505 2705 τοῦ
528 2661 546 2702 z
571 2643 660 2704 ποιεῖ
682 2634 742 2717 τὴν
763 2635 898 2727 γενικὴν,
920 2633 989 2704 οίον
1013 2634 1032 2702 ὁ
1062 2630 1206 2712 Λόαςαο

64 2755 120 2820 τοῦ
136 2748 231 2834 Λόα,
248 2761 269 2792 “
281 2746 362 2820 Λόα
374 2749 450 2846 περὶ
466 2750 567 2820 λίθιον
580 2750 742 2846 γλυφῆς·”
757 2749 853 2825 οὗτος
866 2745 934 2846 ’γὰρ
946 2749 1159 2845 λιθογλόφος

64 2864 105 2944 ἦν
129 2865 190 2939 ότὰ
212 2863 249 2938 δέ
271 2862 519 2963 προσηγορικὸν
539 2863 592 2934 καί
617 2864 762 2947 σημαίνει
785 2863 846 2936 τὰν
868 2865 974 2949 λίθον,
992 2866 1046 2935 οὐκ
1069 2865 1160 2937 ὰντί-

64 3007 159 3052 κειται
176 2987 227 3071 τῷ
243 2979 361 3052 κανόνι·
387 2979 650 3063 συνεσταλμένον
666 2978 734 3076 γὰρ
750 2980 818 3076 έχει
835 2978 879 3052 τὰ
897 3010 927 3063 A,
945 2979 1015 3052 οίου

467 3107 532 3162 λᾶας
545 3103 659 3174 ἀναιδὴς,

10 3227 53 3274 ὀυ
66 3209 113 3280 καί
135 3207 260 3283 λοιτὰν
284 3211 324 3288 ὡς
349 3217 537 3283 συστελλον
561 3208 604 3282 τὰ
629 3239 648 3281 A
674 3210 729 3282 οὐκ
743 3210 954 3294 ,ἠκολούθησε
974 3217 1024 3304 τῷ
1050 3213 1157 3284 κανόνι
1170 3241 1205 3298 25

66 3325 178 3418 τούτῳ.
232 3324 278 3394 ‘0
295 3322 364 3419 γὰρ
380 3323 482 3398 κανιὰν
503 3326 578 3423 περί
599 3331 665 3397 τῶν
686 3325 829 3423 ι’χόνταν
847 3323 890 3399 τὰ
908 3356 927 3396 A
946 3329 1160 3410 ἐκτεταμένον

67 3437 289 3529 διαλαμβάνει.
341 3440 502 3512 Κλίυεται
521 3439 555 3512 δέ
569 3446 673 3513 τοῦτο
689 3439 732 3512 τὰ
752 3437 836 3518 λόας
858 3438 910 3511 διὰ
932 3446 1078 3539 καθαροῦ
1098 3449 1160 3513 τοῦ

68 3583 114 3640 ου,
130 3556 200 3628 οἷον
222 3553 307 3634 λόας
330 3553 435 3634 λόαος
459 3557 511 3628 καί
537 3555 622 3628 κατὰ
647 3559 763 3654 κρᾶσιν
787 3561 853 3629 τῶν
876 3555 932 3628 θέο
955 3586 997 3628 AA
1019 3560 1062 3636 είς
1081 3559 1117 3630 έν
1137 3588 1158 3630 A

68 3668 215 3754 δηλονότι
233 3669 368 3770 μακρὰν,
385 3679 447 3744 τοῦ
463 3676 554 3755 λᾶος,
572 3669 641 3744 οἷον

467 3801 533 3857 λὰοε
548 3800 597 3855 ίιπὰ
610 3797 695 3870 ῥιπῆς.
1168 3836 1208 3891 30

63 3905 179 4004 Ἀξιον
191 3911 227 3984 ὰέ
242 3912 335 3983 ἔστιν
351 3907 491 4010 ζητῆσαι
509 3909 560 3983 διὰ
578 3912 676 3982 τοίαν
689 3912 797 3982 αἰτίαν
809 3911 852 3984 τὰ
872 3911 968 3992 Λόας
982 3913 1026 3987 τὰ
1042 3916 1159 4011 κόριον,

71 4021 173 4098 τόντα
197 4028 277 4122 ἔχον
301 4024 347 4098 τὰ
371 4031 435 4097 τοῦ
458 4025 597 4109 κανόνος,
623 4028 661 4096 οὗ
684 4027 828 4100 κλίνεται
855 4026 906 4100 διὰ
931 4037 993 4101 τοῦ
1017 4059 1060 4102 υτ
1081 4030 1157 4100 ἀλλ’

72 4137 309 4230 ι’σοσυλλόβας,
326 4141 396 4213 οῖον
412 4143 432 4212 ό
450 4140 547 4221 Λόας
565 4149 628 4214 τοῦ
645 4141 736 4214 Λόα·
764 4143 816 4215 καί
833 4144 989 4238 λέγουσιν
1005 4143 1089 4223 τινὲς
1105 4145 1160 4217 ὅτι

72 4250 134 4325 ἆτὰ
157 4264 218 4328 τοῦ
242 4261 304 4336 λᾶς
328 4264 389 4330 τοῦ
412 4256 670 4348 μονοσυλλόβου
695 4260 816 4354 γέγονε
839 4258 925 4332 κατὰ
950 4259 1162 4345 ’κλεονασμὰν

70 4375 126 4440 τοῦ
141 4401 165 4446 A
178 4371 273 4459 λόαε,
288 4375 341 4448 καὶ
363 4374 483 4448 λοιτὰν
508 4377 567 4460 τὰν
591 4378 690 4460 αὖτίςν
712 4377 776 4475 ε’φν
800 4373 859 4471 αξε
881 4376 1000 4460 κλίσιν,
1018 4377 1105 4474 φημί
1122 4375 1161 4462 δὴ
1169 4419 1207 4482 35

580 4510 604 4554 N
624 4510 643 4560 2
