2966 5014
274 287 334 358 152
565 273 768 334 ναονιιον
788 271 1080 334 Χοινοοουιιος
1404 264 1471 330 τις

270 442 398 516 οἰκέτου
421 445 455 515 οί
478 443 612 526 οίκέται,
635 441 829 539 ὀφείλοντες
848 443 948 510 εἰπεῖν
973 443 1006 510 οί
1030 437 1232 515 δωδεκαέπεις
1256 436 1392 536 ὅπερ

270 561 303 630 οἱ
322 558 550 644 Δημοσθένεις,
571 555 672 636 οὕτως
694 555 763 657 γὰρ
786 557 922 628 ὀπαιτεῖ
944 556 964 625 ὀ
989 558 1098 627 κανών.
1146 553 1329 632 Ὡσαύτως
1350 554 1394 626 δὲ

270 675 323 746 καί
347 672 392 746 τά
419 670 540 758 θηλυκά
569 675 694 746 τούτων
722 675 762 750 ὡς
787 669 856 744 ἆπό
884 666 1205 770 τεριττοσυλλάβον
1233 671 1392 748 κλίσεως

269 796 451 864 ποιοῦνται.
495 787 629 888 Ὥσπερ
664 786 732 885 γάρ
766 791 785 860 ὁ
819 789 960 872 πολίτης
991 794 1054 860 τοῦ
1086 787 1231 857 πολίτου
1264 786 1319 856 καί
1364 792 1389 870 ἦ

270 909 403 983 πολίτις
418 915 477 990 τῆς
493 905 677 991 πολίτιδος,
694 906 747 976 καί
764 907 784 976 ὀ
800 905 972 999 κυνηγέτης
990 909 1053 975 τοῦ
1076 903 1255 994 κυνηγέτου
1275 903 1334 973 καὶ
1363 908 1417 986 ἧ5

175 1049 217 1120 95
231 1056 252 1099 α
268 1022 436 1116 κυνηγέτις
451 1029 510 1106 τῆς
526 1020 740 1116 κυνηγέτιδος,
758 1019 857 1099 οὕτως
873 1022 925 1093 καί
943 1018 1013 1092 άπό
1031 1024 1094 1090 τοῦ
1114 1020 1388 1116 τριακοντοέτης

268 1139 525 1237 τριακονταέπου
561 1143 694 1210 ποιοῦσι
731 1137 774 1212 τδ
810 1135 946 1221 θηλυκὸν
979 1139 998 1216 ή
1030 1134 1281 1232 τριακονταέτις
1312 1143 1386 1218 τῆς

268 1253 562 1353 τριακονταέτιδος,
576 1258 615 1332 ὡς
628 1251 720 1350 παρὰ
737 1259 785 1345 τῷ
799 1255 996 1348 συγγραφεῖ
1016 1251 1255 1342 [Thuc.1.87.]
1274 1262 1295 1292 “
1305 1257 1384 1322 τῶν

267 1369 559 1470 τριακονταετίδων
592 1368 771 1452 σπονδῶν,”
798 1368 991 1466 ὀφείλοντες
1018 1369 1116 1438 εἰπεῖν
1145 1370 1163 1448 ή
1190 1365 1382 1463 ι’τριακον-

267 1487 387 1570 ταετής
412 1493 472 1568 τῆς
499 1491 782 1582 τριακονταετοῦς.
832 1482 966 1580 Ὥσπερ
996 1480 1065 1580 γάρ
1093 1484 1113 1553 ὀ
1143 1487 1280 1565 συνήθης
1307 1489 1379 1554 τοῦ
1393 1511 1434 1550 ιο

268 1605 421 1686 συνήθους
442 1601 495 1672 καί
517 1605 535 1683 ή
556 1605 692 1684 συνήθης
711 1609 770 1684 τῆς
790 1603 950 1682 συνήθους,
968 1601 987 1670 ὁ
1003 1603 1160 1681 κακοήθης
1175 1605 1239 1670 τοῦ
1254 1603 1377 1682 κακοή-

269 1723 342 1796 θους
356 1718 409 1789 καί
426 1721 445 1801 ή
462 1721 618 1800 κακοήθης
629 1725 687 1800 τῆς
704 1721 887 1802 κακοήθους,
901 1714 999 1794 ούτως
1011 1716 1064 1786 καί
1081 1717 1100 1786 ὀ
1115 1716 1375 1812 τριακονταέπης

267 1841 329 1906 τοῦ
350 1835 623 1931 τριακονταέτους
639 1833 691 1905 καί
709 1837 727 1916 ή
744 1833 997 1930 τριακοντούτης
1012 1840 1072 1915 τῆς
1086 1833 1371 1928 τριακοιπαέτους.

263 1948 346 2019 ’Ότι
364 1946 433 2044 γὰρ
450 1945 495 2018 τὰ
513 1945 604 2044 παρὰ
622 1946 666 2019 τό
683 1949 758 2026 ἔτος
774 1950 827 2020 καὶ
849 1944 941 2044 παρά
963 1956 1034 2024 τοῖς
1059 1945 1232 2024 Ἀττικοῖς
1253 1978 1371 2045 περιτ-

268 2061 490 2152 τοσυλλάβυς
519 2065 695 2147 κλίνονται,
720 2065 773 2136 καὶ
806 2065 983 2137 τουτέστιν
1009 2067 1052 2141 είς
1078 2093 1135 2135 on
1164 2065 1281 2161 ἔχουσι
1310 2064 1373 2148 τήν
1386 2097 1397 2136 ι
1403 2093 1423 2154 5

271 2182 405 2275 γενικήν,
423 2179 581 2264 ἐδήλωσεν
597 2183 616 2251 ὀ
634 2182 771 2265 ποιητής
787 2180 894 2266 είπόιν,
919 2187 997 2270 [οδ.
1015 2178 1060 2272 γ’.
1073 2183 1164 2272 3ο5.]

513 2306 649 2364 ιιεντάετει
664 2307 810 2379 (ἑπτάετες)
825 2307 854 2362 δέ
867 2309 992 2376 ἤνασσεν,

270 2408 338 2482 εἰπό
362 2408 430 2506 γάρ
453 2413 555 2482 τοῢό
582 2413 759 2494 πενταέτης
781 2416 843 2482 τοῦ
867 2411 1062 2488 πενταέτους
1085 2411 1205 2504 γέγονε
1228 2409 1273 2482 τὸ
1296 2443 1374 2481 τεν-

268 2521 383 2601 τάετες
399 2523 582 2623 ούδετέριυς,
599 2525 711 2624 ὥσπερ
729 2524 798 2598 ὀπό
813 2533 876 2599 τοῦ
895 2530 914 2598 ὁ
935 2531 1093 2610 κακοήθης
1113 2533 1176 2599 τοῦ
1196 2533 1375 2610 κακοήθους

269 2641 312 2714 τό
337 2643 488 2727 κακόηθες
513 2643 694 2742 ούδετέριος·
725 2642 855 2742 εύρηται
880 2641 972 2742 παρὰ
997 2649 1046 2734 τῷ
1071 2648 1271 2740 συγγραφεῖ
1278 2653 1294 2688 ⁰
1318 2643 1373 2714 καί
1384 2674 1422 2713 20

271 2769 290 2800 “
307 2759 545 2858 τριακονταέτη
562 2759 722 2833 σπονδία”
735 2758 847 2856 ιδσπερ
860 2761 919 2842 τήν
936 2763 1087 2842 κακοήθη.
1113 2758 1163 2829 Εἰ
1178 2757 1245 2856 άρα
1261 2757 1317 2830 οόν
1328 2758 1374 2831 τό

270 2875 509 2973 ἀγκυλοχείλης
525 2879 680 2950 σύνθετον
697 2875 789 2948 ἐστίν
806 2874 874 2946 ὀπό
896 2883 958 2946 τοῦ
981 2883 1095 2972 χεῖλος
1118 2881 1179 2946 τοῦ
1202 2875 1375 2973 οὐδετέρου

271 2990 442 3074 ὀνόματος,
468 2993 520 3063 καί
556 2996 632 3065 οὔτε
664 2995 771 3090 κύριον
800 2991 903 3077 ἐστίν,
932 2993 1007 3063 οὔτε
1040 2988 1110 3062 άπό
1138 2988 1375 3089 τρισυλλάβου

271 3099 439 3195 οὐδετέρου
460 3104 625 3188 σύνθετον,
647 3107 723 3177 ούτε
747 3106 815 3180 ὀτό
839 3104 1045 3196 δισυλλάβου
1070 3107 1239 3204 ούδετέρου
1263 3139 1375 3206 παρα-

270 3217 455 3307 ληΎθμὲνου
483 3225 532 3310 τῷ
556 3249 591 3304 11,
616 3223 855 3319 ἐπιφερομένου
881 3223 1025 3321 ὀφόνου,
1050 3222 1204 3306 δηλονότι
1229 3223 1375 3321 ὤφειλεν
1385 3245 1419 3303 25

270 3327 450 3426 ὀξύνεσθαι·
478 3335 533 3405 ούκ
558 3332 702 3428 ὀξύνεται
730 3336 773 3420 δὲ,
798 3337 888 3410 άλλά
914 3341 1100 3436 βαρύνεται·
1127 3341 1183 3410 ούκ
1208 3337 1274 3436 άρα
1296 3341 1372 3412 ἐστὶ

270 3449 436 3533 σύνθετον,
455 3449 545 3522 ἀλλὰ
567 3453 825 3549 παρασύνθετον,
843 3458 882 3533 ὡς
899 3455 956 3539 ήδη
974 3457 1166 3553 προείρηται
1184 3459 1267 3538 ήμῖν.
1309 3455 1375 3526 Εἶ-

271 3565 354 3638 δέυαι
370 3567 403 3639 δὲ
420 3567 476 3650 δεῖ,
495 3569 547 3641 ὅτι
565 3569 649 3646 τινές
667 3569 798 3642 θέλουσι
817 3571 928 3666 λέγειν
941 3571 1022 3645 αύτό
1038 3571 1115 3643 εἶναι
1135 3574 1290 3644 σύνθετον
1303 3571 1373 3643 ἆπό

270 3689 331 3754 τοῦ
355 3684 442 3778 χηλὴ
467 3691 529 3755 τοῦ
554 3689 692 3766 θηλυκοῦ
715 3688 887 3770 ὀνόματος,
906 3689 988 3786 ὅπερ
1006 3691 1151 3772 σημαίνει
1176 3688 1236 3761 τόυ
1258 3689 1372 3785 ὄνυχα,

268 3799 321 3868 ’ίνα
346 3799 366 3890 ή
388 3799 619 3895 ἀγκυλοχήλης
642 3799 694 3872 διὰ
721 3809 783 3874 τοῦ
807 3835 839 3888 ιι,
862 3803 1023 3876 καὶκατὰ
1046 3806 1174 3901 τροπήν
1192 3804 1419 3888 Βοιωτικήν30

271 3918 333 3983 τοῦ
349 3942 372 3982 α
390 3915 432 3988 εἷς
447 3913 507 3996 τήν
525 3945 558 3985 ιιι
577 3913 770 4013 δίφθογγον
787 3921 913 4012 γίνεται
933 3919 1172 4016 ἀγκυλοχείλης
1189 3917 1240 3991 διὰ
1259 3929 1320 4003 τῆς
1339 3951 1370 3992 ει

272 4027 474 4127 διφθόγγου·
509 4029 582 4108 ἔθος
608 4031 676 4129 γάρ
701 4037 834 4132 ἔχουσιν
859 4039 893 4108 οἱ
917 4037 1062 4110 Βοιωτοὶ
1090 4035 1253 4114 πολλάκις
1279 4034 1324 4108 τό
1350 4067 1371 4110 ιι

311 4231 328 4278 b
347 4237 491 4307 Σηριίοσαι
509 4238 618 4296 ἐνταῦθα
635 4245 831 4314 τριακονταετὴς
844 4251 1063 4318 τριακονταετοῦς,
1078 4247 1240 4322 παρακατιὼν
1253 4247 1282 4301 δὲ
1301 4247 1371 4320 λέγει

270 4315 466 4391 τριακονταίτης
478 4323 696 4392 τριακονταέτους.
711 4323 738 4378 in
753 4327 882 4398 margine.

312 4389 458 4472 οἸλιιιαγό.
475 4401 497 4459 1.
514 4413 561 4474 ογ.
579 4402 782 4473 τριακοντούτεις
796 4406 921 4463 σπονδάς.
