2982 5022
407 335 474 396 ΕΙΣ
495 333 553 396 ΤΟ
575 333 868 396 ΟΝΟΜΑΤΙΚΟΝ.
1141 349 1181 408 41

80 501 238 574 κλίνεται.
282 501 386 601 Ἔχει
415 501 483 600 γὰρ
510 503 570 585 τῆν
597 503 729 602 πρότην
756 501 807 572 καί
836 499 985 599 δευτέραν
1011 502 1185 590 συλλαβὴν

79 617 146 688 ἆπό
168 623 236 690 τοῦ
256 619 358 690 atrro&
377 620 553 717 συμφώνου
573 618 766 716 ἆρχομὲνας,
785 618 871 716 φημί
893 615 931 700 δίη
953 621 1016 688 τοῦ
1037 647 1071 688 ιι.
1124 619 1186 688 Δεῖ

79 738 276 828 προσθεῖναι
294 738 342 826 τῷ
360 734 477 818 κανόνι,
495 733 594 832 χιορίς
609 739 676 806 τῶν
691 740 802 832 τριῶν,
821 734 907 832 φημί
926 732 963 816 όῆ
979 738 1041 804 τοῦ
1059 761 1090 816 κ,
1106 763 1139 816 11,
1153 764 1183 816 π,

79 849 128 920 καί
146 857 214 921 τοῦ
230 881 263 934 Δ,
279 849 331 922 διὰ
348 849 391 923 τό
409 851 526 928 Κώπας
544 851 655 933 Κόκα,
671 850 723 920 καί
743 845 868 926 Πότας
886 845 1006 932 Πότα,
1024 849 1076 919 καί
1094 847 1184 919 Ταύ-

78 997 136 1044 τας
155 965 289 1049 Ταύτα,
306 967 358 1038 καί
377 966 482 1044 Δόόας
499 967 588 1037 Δίκα
603 966 694 1062 (sic).
728 965 847 1036 Ταῦτα
866 962 934 1062 γὰρ
950 965 1074 1062 ἔχοντα
1092 965 1125 1036 ἐν
1138 972 1209 1060 τῆς

76 1084 194 1177 πρότη
210 1083 263 1153 καὶ
282 1081 414 1180 δευτέρᾳ
433 1084 590 1178 συλλαβῇ
601 1081 644 1154 τὸ
661 1080 742 1155 αι’σὸ
760 1083 935 1180 σύμφωνον
949 1077 1183 1170 ίσοουλλύβοις

77 1199 202 1281 ἐκλίθη.

125 1313 184 1384 Τὰ
208 1317 251 1392 εἰς
270 1343 310 1385 n
326 1315 542 1412 τρισύλλαβα
559 1313 820 1412 παραληγόμενα
839 1311 980 1410 θιχρόνιρ
999 1319 1182 1384 συνεσταλ-

76 1430 168 1519 με’νιρ,
187 1429 359 1526 ἀρχόμενα
377 1427 444 1501 ιἰπό
461 1437 523 1502 τοῦ
540 1461 572 1514 ιι,
589 1433 619 1501 εί
639 1431 772 1526 ἔχουσιν
794 1426 901 1526 ἄρχον
917 1435 976 1510 τῆς
991 1428 1182 1532 τελευταίας

75 1549 253 1634 συλλαβῆς
269 1547 302 1616 ἓν
319 1577 354 1617 τι
371 1551 436 1616 τῶν
452 1546 558 1628 με’σιον
574 1545 593 1629 ’ῆ
610 1543 652 1617 τὸ
672 1575 706 1627 υ,
720 1541 1041 1641 περιττοσυλλόβιος
1057 1543 1181 1614 κλίνον-
1194 1569 1229 1610 νο

74 1689 141 1732 ται·
163 1663 256 1746 με’σα
274 1661 309 1733 δὲ
325 1661 388 1733 εἶσί
405 1664 483 1760 τρία
501 1693 531 1744 n,
549 1693 578 1744 r,
597 1691 627 1732 Δ.
664 1661 855 1732 Ἔστωσαν
872 1657 906 1730 δὲ
922 1657 1180 1755 παραδείγματα

74 1785 134 1848 τοῦ
158 1777 295 1854 κανόνος
315 1783 433 1860 ταῦτα,
459 1775 530 1850 οίον
554 1778 677 1865 ἆλίβας
702 1777 894 1864 ἀλίβαντας,
921 1775 939 1846 ὃ
965 1775 1111 1858 σημαίνει
1137 1773 1180 1846 τό

5 1963 7 1974 ,
76 1892 159 1987 ὅξος,
191 1891 348 1978 Ἀθόμας
377 1892 599 1978 Ἀθάμαντος,
630 1889 802 1989 Ἀκρόγας
829 1887 1074 1990 Ἀκράγαντος.
1126 1891 1180 1964 Τό

76 2007 230 2088 Σακόόας
251 2007 387 2082 Σακιίόα
412 2011 548 2108 ἔχοντος
573 2008 615 2081 τὸ
641 2041 660 2080 Δ
687 2004 920 2095 ι’σοσυλλόβοις
945 2008 1101 2092 κλίνεται,
1126 2010 1179 2080 καί

77 2127 130 2197 ούκ
145 2127 329 2201 ἀντίκειται
347 2131 429 2212 ἡμῖν,
446 2125 554 2209 ε’πειόῆ
572 2128 628 2196 οόκ
644 2123 785 2223 ι’ίρχεται
804 2121 872 2193 ιἰπό
889 2129 951 2193 τοῦ
969 2154 999 2204 ιι,
1018 2125 1095 2193 ἀλλ’
1111 2123 1179 2194 ὰπὸ
1192 2151 1203 2189 ι
1209 2147 1226 2208 5

76 2248 135 2312 τοῦ
155 2272 187 2314 x.

124 2357 182 2430 Τὰ
211 2361 255 2436 είς
276 2388 317 2429 ιιι
338 2365 490 2454 λήγοντα
516 2357 584 2456 πρὸ
608 2365 670 2430 τοῦ
691 2389 710 2428 Δ
731 2359 764 2428 ’ἔν
781 2389 816 2429 τι
835 2362 900 2428 τῶν
918 2355 1042 2426 διπλῶν
1059 2355 1077 2438 ῆ
1094 2358 1128 2426 ἕν
1143 2387 1177 2428 τι

76 2481 139 2546 τῶν
163 2473 289 2546 δασέων
313 2474 331 2558 ῆ
354 2477 387 2546 ἕν
408 2507 443 2547 τι
468 2479 534 2548 τῶν
557 2473 671 2568 ψιλῶν
694 2473 712 2557 ’ῆ
737 2475 860 2570 ἔχοντα
884 2471 928 2545 τό
954 2503 981 2554 τ,
1006 2481 1178 2565 μονογενῆ,

76 2591 117 2673 μῆ
147 2592 290 2663 σύνθετα
320 2589 389 2662 ἀπὸ
421 2599 575 2688 μετοχῆς,
606 2591 651 2673 μῆ
680 2592 712 2660 ἐν
740 2587 933 2680 θισυλλόβῳ
962 2591 1084 2685 ἔχοντα
1119 2591 1179 2672 τῆν

76 2710 210 2803 τρύπηυ
226 2706 278 2777 καί
296 2704 446 2805 δευτέραν
462 2708 637 2796 συλλαβῆν
659 2702 727 2776 ἆτό
750 2711 812 2777 τοῦ
834 2706 1051 2801 ἁντιστοίχου
1074 2705 1178 2802 ἀρχα·
1188 2735 1226 2776 20

75 2821 179 2905 μόνας,
199 2820 433 2911 ι’σοσυλλόβιος
450 2824 627 2908 κλίνονται,
645 2819 714 2893 οίον
727 2819 869 2916 Ἑλίξας
883 2817 1019 2914 Ἑλίξα,
1038 2817 1178 2919 Ἀρίζας

73 2935 211 3037 Ἀρίζα,
244 2935 388 3032 Ἀνύξας
430 2937 568 3034 Ἀνάξα,
612 2934 790 3036 Γαρτόζας
826 2934 998 3036 Γαρτιίζα,
1025 2933 1177 3029 Ἀλφας

69 3051 217 3147 Ἀλψα,
248 3052 415 3148 Παγόθας
443 3053 607 3150 Παγόθα,
636 3055 809 3152 Στρούθας
838 3053 1006 3152 Στρούθα,
1034 3053 1177 3151 Δόλφας

76 3165 214 3264 Δελφα,
234 3165 366 3264 ’Ύρχας
383 3167 512 3264 Ὗρχα,
539 3167 688 3244 Πελέκας
713 3167 856 3248 Πελέκα,
881 3165 1062 3263 Περδίκκας
1086 3165 1177 3265 Περ-

75 3278 173 3364 όίκκα,
212 3281 386 3380 Ἀρχυτας
432 3281 590 3382 Αρχυτα,
629 3281 792 3382 Εύριύπας
832 3280 989 3379 Εόριύπα,
1030 3278 1222 3379 Κόλπαςςρ,

76 3395 218 3480 Κόλτα,
242 3397 377 3476 Σκόπας
404 3399 533 3483 Σκόπα,
556 3399 695 3497 Χρύσας
720 3397 853 3496 Χρύσα,
879 3397 1061 3494 Βαρβύσας
1084 3397 1178 3495 Βαρ-

75 3513 173 3598 βύσα.
215 3513 265 3586 El
280 3514 314 3586 δὲ
332 3513 650 3613 περιττοσυλλόβως
667 3512 895 3596 κλιθείησαν,ῆ
913 3517 961 3602 τῷ
974 3543 993 3582 ο
1009 3513 1055 3606 (τ)
1069 3541 1178 3609 παρα·

74 3635 214 3723 λύγεται
233 3631 252 3714 ῆ
269 3637 318 3724 τῷ
336 3663 368 3720 ιι,
391 3630 460 3704 οἷον
483 3631 592 3733 Βύζας
616 3629 796 3732 Βύζαντος,
815 3628 978 3726 Κορύφας
997 3627 1177 3726 Κορύφαν-

74 3776 138 3830 τος,
151 3747 278 3846 ε’λίφας
291 3748 484 3846 ἕλε’φαντος.
515 3749 723 3847 Πρόσκειπαι
737 3749 769 3818 ἕν
778 3751 826 3838 τῷ
837 3745 942 3817 κανόνι
958 3747 1176 3838 “μονογενῆ,”

74 3859 122 3933 διὰ
147 3862 194 3936 τὸ
219 3863 307 3942 ἅπας
331 3863 489 3948 ἅπαντας,
514 3865 684 3964 Πρόφρος
708 3863 948 3962 Πρόφραντος·
974 3867 1082 3933 ταῦτα
1106 3863 1174 3959 γὰρ
1185 3896 1223 3953 30

76 3978 394 4077 περιττοσυλλόβως
409 3983 587 4068 κλίνονται,
604 3981 682 4051 ἁλλ’
698 3981 753 4050 ούκ
771 3979 834 4050 εἶσί
853 3987 1023 4072 μονογενῆ·
1051 3980 1070 4049 ὁ
1087 3977 1175 4056 ἅπας

77 4093 138 4192 γὰρ
156 4101 175 4179 ῆ
193 4097 310 4169 ἅπασα
327 4098 379 4168 καί
401 4095 444 4170 τό
460 4097 558 4180 ἅπαν,
576 4098 628 4168 καί
645 4099 664 4166 ό
682 4096 816 4193 πρόπας
832 4097 884 4166 καί
902 4099 920 4177 ῆ
938 4095 1101 4193 πρόπασα
1121 4095 1174 4165 καί

77 4208 115 4281 τό
130 4214 277 4310 πρόπαν.
321 4213 528 4311 Πρόσκειται
547 4225 567 4256 “
577 4214 621 4296 μῆ
639 4213 778 4284 σύνθετα
796 4210 864 4282 ἀπὸ
881 4215 1042 4309 μετοχῆς”
1062 4209 1113 4282 διὰ
1131 4208 1175 4282 τό

11 4322 134 4398 ’ἕνεκα
152 4328 309 4428 Περίφας
327 4329 553 4430 Περίφαντος.
605 4329 723 4400 Ταῦτα
742 4327 810 4427 γὰρ
827 4327 975 4411 ὰπὸ-τῆς
993 4357 1054 4398 m
1074 4357 1175 4410 μετο-

78 4451 133 4537 χῆς
148 4447 355 4528 συντεθέντα,
365 4455 423 4531 τῆς
436 4448 650 4531 σημαινούσης
667 4445 709 4520 τὸ
727 4447 836 4530 εἶπόν,
854 4440 1173 4543 περιπτοσυλλοίβως
1183 4475 1219 4534 35

608 4583 628 4626 ο
